4094 6182
150 271 202 332 tat

687 277 856 338 command
876 283 911 341 m·
930 285 1037 344 EPIST.
1058 287 1105 344 au
1125 288 1252 346 ChlidT.

1732 304 1782 362 258

191 421 201 448 ι
220 399 339 456 Salutate
362 416 413 458 ras
435 400 555 460 invicem
568 401 598 459 in
613 405 707 462 asculo
725 417 827 466 sancto.
844 434 853 459 ι
875 411 939 470 llaec
953 416 977 474 h
992 414 1052 482 Ilei,
1077 422 1104 470 et
1124 415 1339 477 communicatio
1352 417 1471 490 Spiritus
1484 421 1571 479 sancti
1585 421 1621 480 sit
1640 439 1702 482 cum
1718 443 1782 488 om-

149 489 472 549 salutatioecclcsiastica
493 497 637 560 est;120
666 496 731 568 quia
760 499 853 556 oscula
880 499 940 559 haec

147 601 201 643 uon
223 588 360 657 carnalia,
385 587 432 645 sed
459 587 593 662 spiritalia
615 599 690 662 sunt,
714 608 774 662 auae
798 595 942 669 complexu

146 696 295 753 carporum
319 680 425 737 animos
449 682 579 750 copulant
602 699 659 742 uou
683 683 820 742 desiderio
839 688 940 756 carnis,

145 770 192 826 sed
214 769 341 844 spiritus.
374 771 528 828 «salutant
552 789 602 830 uas
625 775 856 832 machomum.»
878 777 941 834 Pra-

145 867 228 915 uocat
252 875 298 916 aas
320 857 351 914 ad
373 860 559 933 sanctitatem,
583 870 615 920 ut
636 870 664 920 et
677 864 729 936 ipsi
743 864 860 922 audeant
875 865 943 924 red-

146 945 214 1002 dere
229 947 313 1002 vicem
327 947 428 1004 sanctis
443 949 471 1003 in
489 950 670 1020 salutatione;
687 950 749 1008 ideo
762 953 834 1010 enim
846 971 860 1010 a
874 969 941 1010 aau-

144 1035 198 1092 ctis
212 1035 375 1100 salutantur,
391 1043 422 1091 at
438 1036 501 1092 illos
516 1037 668 1096 imitentur.

186 1147 196 1172 ι
219 1123 314 1180 Gratia
333 1123 447 1182 Domini
466 1126 554 1182 nostri
578 1127 642 1186 lesa
656 1127 770 1198 Christi,
785 1137 812 1186 et
825 1128 939 1186 dilectio

998 501 1079 562 nibus
1097 503 1184 560 vobis.
1202 508 1299 560 Amen.
1319 529 1329 554 »
1351 506 1493 565 Trinitatis
1506 509 1552 567 hic
1564 514 1719 585 complexio
1733 526 1782 587 cst,

997 599 1024 648 et
1052 593 1142 650 unitas
1165 593 1316 666 potestatis,
1339 595 1403 668 quia
1427 597 1513 654 totius
1535 600 1631 656 salutis
1654 605 1783 670 rrcrlactia

996 695 1047 744 est.
1069 687 1187 746 Dilectia
1209 688 1281 746 enim
1306 687 1355 746 Ilei
1377 690 1453 748 misit
1466 693 1546 750 nobis
1561 694 1726 754 Salvatorem
1742 700 1782 755 le·

996 791 1066 844 sum,
1097 776 1175 850 cajus
1203 778 1289 849 gratia
1311 779 1410 834 salvati
1430 796 1534 838 sumus
1551 784 1586 842 Ut
1599 785 1782 852 possideamus

996 862 1067 921 hanc
1095 865 1210 936 gratiam
1236 866 1342 934 salutis,
1372 870 1585 928 communicatio
1611 874 1677 930 lacit
1697 875 1781 932 astricti

995 954 1132 1026 Spiritus:
1150 953 1197 1010 hic
1213 955 1287 1010 enim
1309 955 1425 1014 dilectos
1439 959 1531 1030 aileu,
1548 969 1575 1018 et
1588 963 1707 1020 salvatos
1726 981 1781 1032 gra·

995 1041 1033 1096 tia
1048 1041 1274 1110 Christianam,
1291 1050 1321 1098 ut
1336 1043 1420 1102 trium
1439 1046 1570 1118 perfectio
1581 1053 1782 1110 consummatio

995 1129 1030 1184 sit
1044 1127 1164 1186 hominis
1178 1129 1207 1186 in
1222 1129 1348 1188 salutem.

146 1309 1782 1348 Ἣ

212 1485 281 1573 ΙΝ
325 1484 711 1576 EPlSTOLAM
761 1491 957 1578 ΒΕΑΤΙ
1004 1493 1201 1581 PAULI
1247 1499 1330 1584 AD
1380 1500 1709 1598 GALATAS.

447 1804 638 1864 PROLOGUS.

180 1910 281 1970 Omnis
303 1909 414 1968 credens
437 1910 467 1967 iu
482 1910 634 1982 Christum,
651 1919 678 1968 et
689 1911 836 1970 observans
849 1913 936 1986 legem

145 1999 291 2070 laetorum,
311 1999 378 2054 male
394 1998 526 2071 iutelligit
545 1999 686 2058 Christum
703 2017 709 2055 ι
726 2001 797 2058 sicut
811 2010 836 2058 et
852 2002 938 2074 Sym-

144 2087 294 2157 machiaui,
316 2086 363 2160 qui
389 2104 423 2143 eu
446 2086 592 2145 Pharisaeis
605 2089 738 2161 originem
754 2089 877 2159 trahunt,
889 2090 937 2162 qui

141 2183 250 2236 serrata
265 2175 340 2232 omni
357 2175 602 2248 legc,Christianos
613 2194 642 2234 se
656 2177 763 2248 dicant,
779 2192 854 2235 mare
868 2177 938 2234 Pho·

140 2266 190 2322 tini
221 2264 362 2323 Christum
393 2281 449 2320 nan
476 2267 563 2322 Deum
592 2273 619 2323 et
639 2265 789 2338 hominem,
817 2267 864 2324 sed
889 2266 936 2324 ha·

140 2356 243 2411 minem
258 2353 453 2410 tantummodo
471 2352 643 2410 definientes.
659 2355 689 2412 Si
703 2353 776 2410 enim
791 2355 880 2410 Deum
895 2353 936 2410 iu-

140 2443 294 2513 telligeuent
313 2440 466 2510 Christum,
491 2441 563 2496 nihil
586 2441 620 2498 de
642 2443 700 2516 lege
723 2442 857 2500 lectorum
878 2457 936 2516 spe·

142 2537 248 2598 rareut,
273 2527 373 2596 idest,
395 2529 429 2585 de
451 2527 619 2598 Neameuiis,
642 2529 771 2597 Sabbata,
787 2529 936 2588 circumci-

141 2619 233 2687 sione,
254 2624 281 2674 et
302 2617 467 2675 discretione
488 2633 625 2686 escarum;
652 2618 717 2691 quia
740 2619 787 2692 qui
808 2619 894 2675 Deum
909 2625 937 2675 et

141 2706 293 2762 Dominum
319 2707 385 2776 legis
408 2704 485 2775 colit,
501 2721 584 2778 supra
598 2705 686 2780 legem
701 2712 760 2764 est:
782 2720 832 2762 nec
846 2713 937 2779 potest

138 2794 264 2868 judicari
279 2810 293 2851 a
311 2795 379 2866 lege,
400 2793 446 2866 qui
467 2809 529 2850 cum
546 2793 699 2866 legislatore
712 2789 869 2851 caucar'dut.
885 2794 935 2849 De·

140 2885 228 2958 nique
251 2899 308 2939 nan
332 2883 443 2938 illorum
462 2897 543 2939 causa
569 2883 614 2938 lex
627 2881 692 2938 data
717 2888 767 2950 est,
787 2882 835 2954 qui
848 2883 935 2938 Deum

140 2973 289 3031 colebant:
313 2971 359 3028 sed
374 2987 467 3027 earum
482 2971 530 3043 qui
544 2972 615 3027 male
629 2977 656 3028 et
667 2969 813 3027 credebant
827 2979 854 3026 et
868 2985 936 3042 age-

138 3063 202 3120 bant
231 3059 265 3116 ad
283 3066 470 3131 contemptum
495 3057 640 3116 Crantoris.
665 3058 743 3116 Unde
755 3057 824 3116 dicit
837 3058 871 3115 ad
884 3057 937 3114 'li-

953 1791 976 1852 Β
994 1790 1060 1862 56);
1088 1815 1099 1842 ι
1129 1801 1253 1868 tempore
1274 1795 1349 1853 enim
1372 1813 1426 1872 qua
1440 1797 1522 1860 simul
1537 1802 1626 1864 adhuc
1641 1816 1717 1864 erant
1730 1807 1781 1866 tilii

991 1879 1073 1938 lsrael
1098 1880 1126 1937 in
1146 1899 1248 1954 eremo,
1262 1895 1407 1960 autequam
1423 1887 1508 1946 vicini
1523 1900 1613 1948 essent
1626 1895 1781 1966 gentilium,

991 1982 1047 2024 nau
1072 1977 1137 2026 sunt
1152 1971 1317 2030 circumcisi.
1341 1977 1379 2031 At
1393 1975 1443 2032 ubi
1458 1978 1629 2036 commisceri
1644 1980 1783 2040 habebant

993 2057 1129 2128 gentibus,
1151 2067 1218 2119 tanc
1236 2079 1252 2118 a
1274 2061 1337 2120 lesu
1351 2063 1426 2120 Nave
1448 2065 1604 2125 circumcisi
1618 2078 1682 2127 sunt
1696 2070 1782 2144 dape-

992 2151 1034 2200 tra
1064 2147 1153 2217 (lotae
1171 2165 1200 2218 u,
1229 2149 1269 2223 3),
1298 2167 1359 2225 quas
1379 2153 1516 2226 significat
1543 2155 1682 2214 Christum
1698 2159 1781 2233 till:

998 2232 1093 2301 «Quia
1108 2245 1193 2308 petra,
1209 2237 1310 2311 inquit,
1326 2249 1384 2298 erat
1398 2241 1525 2299 Christus
1543 2245 1576 2314 (l
1588 2245 1650 2303 Cor.
1665 2263 1694 2314 x,
1710 2247 1751 2319 i),
1767 2273 1777 2298 ι

991 2328 1023 2378 ut
1037 2322 1190 2396 designaret
1200 2343 1248 2399 per
1257 2326 1398 2385 Christum
1413 2330 1535 2388 laturam
1544 2331 1781 2392 circumcisionem

990 2411 1090 2480 cardis,
1106 2414 1177 2469 sicut
1195 2414 1303 2472 dixerat
1317 2417 1436 2491 hloyses,
1451 2427 1479 2475 et
1492 2421 1624 2478 ieremias
1634 2422 1779 2494 propbeta:

998 2495 1216 2557 ‹Circumcidite
1232 2519 1280 2558 uos
1295 2505 1362 2572 Dea,
1380 2512 1408 2560 et
1421 2506 1611 2564 circumcidite
1617 2515 1781 2583 praeputium

990 2585 1180 2644 cordisvestri
1207 2590 1296 2661 (Dent.
1319 2608 1349 2658 x,
1367 2591 1417 2658 16;
1443 2593 1536 2650 Jarroa.
1552 2612 1591 2664 ru,
1607 2595 1636 2668 b)
1653 2615 1660 2664 ;
1678 2607 1707 2654 ut
1719 2615 1781 2654 am-

989 2683 1083 2747 putata
1106 2678 1234 2751 caligine,
1257 2693 1306 2750 per
1326 2679 1515 2736 remissionem
1529 2692 1667 2756 acceptam
1683 2701 1782 2757 pacca-

990 2772 1080 2821 torum
1106 2766 1182 2838 digni
1203 2768 1301 2826 fierent
1315 2769 1408 2826 uidere
1425 2771 1539 2842 gloriam
1553 2773 1615 2839 llei,
1634 2789 1716 2846 quam
1730 2776 1780 2832 sub

991 2854 1048 2926 lego
1072 2857 1155 2927 positi
1179 2857 1273 2914 uidere
1296 2859 1478 2932 nequiverant
1503 2873 1584 2917 causa
1604 2863 1717 2934 peccati.
1746 2865 1781 2920 Ut

990 2957 1053 3014 ergo
1077 2950 1105 3001 et
1127 2943 1268 3004 Christum
1292 2947 1379 3004 Deum
1393 2947 1521 3020 signaret,
1537 2955 1565 3004 et
1577 2964 1632 3005 nan
1645 2965 1673 3006 se
1685 2951 1719 3006 ab
1734 2951 1780 3007 ha-

990 3031 1065 3089 mine
1085 3048 1117 3092 ea
1139 3033 1268 3096 didicisse
1283 3051 1344 3114 quar
1359 3036 1485 3109 docebat,
1499 3046 1639 3109 assereret,
1655 3041 1693 3100 ita
1706 3040 1782 3100 inci-

136 3151 284 3207 motheum
299 3164 306 3203 r
329 3149 405 3206 :Nec
418 3147 491 3205 enim
505 3147 579 3218 justa
595 3145 640 3204 lex
654 3148 743 3220 posita
757 3157 808 3214 est,
823 3145 871 3204 sed
886 3131 971 3205 iu-G
989 3119 1030 3192 Ρη
1046 3137 1054 3176 ²

131 3236 232 3310 justis,
261 3245 289 3294 et
315 3236 387 3292 male
409 3235 582 3292 versantibus
611 3237 640 3305 (l
666 3235 733 3291 Tim.
760 3253 779 3304 1,
802 3236 843 3306 9).
864 3259 874 3284 r
899 3235 937 3292 Et

1250 3219 1365 3281 CAPUT
1379 3221 1524 3281 Phrhull.

131 3327 248 3399 Moyses
277 3323 318 3382 sic
331 3323 444 3396 iuquit:
468 3323 630 3380 «Timentes
645 3323 752 3380 iacietis
766 3322 839 3380 filias
853 3323 936 3380 lsrael
1028 3305 1162 3380 (Versl.)
1188 3329 1199 3355 ¹
1217 3307 1318 3407 PSUIUS
1338 3311 1546 3383 ⁸P081011¹⁸ss01¹
1566 3310 1600 3367 lb
1611 3310 1779 3412 hqfflittssssss.

133 3415 237 3487 (aare.
263 3428 315 3482 xv,
340 3411 396 3485 ar).
421 3435 432 3462 ‚
458 3409 535 3468 uiua
561 3418 588 3466 aa
605 3411 717 3481 catara,
733 3411 776 3468 var
791 3411 811 3467 u
828 3411 876 3485 qur
890 3425 936 3468 aas
991 3409 1079 3475 nequa
1104 3411 1152 3468 rer
1174 3395 1325 3498 hommem,
1348 3397 1403 3500 sed,
1418 3397 1567 3500 parnasum
1586 3397 1736 3502 curasan,
1752 3409 1779 3458 et

131 3501 351 3569 subvertebant,
373 3499 464 3557 adhuc
491 3499 590 3556 erroris
606 3499 875 3556 nebulacoutectum
889 3515 937 3557 car
989 3485 1077 3542 Deum
1110 3487 1229 3555 Patrem,
1257 3502 1305 3560 (1¹11
1333 3496 1476 3546 suscllavd
1499 3504 1598 3546 tuma
1625 3499 1773 3547 mortuis.»

130 3590 284 3658 habentes,
296 3605 353 3646 non
368 3593 484 3645 cernant
495 3603 604 3644 sensum
620 3588 696 3645 isaim
711 3587 850 3661 prophotae
865 3587 936 3644 inter
990 3574 1153 3647 Apostolum
1168 3593 1196 3632 se
1211 3591 1266 3632 uon
1280 3573 1314 3632 ab
1326 3575 1486 3634 haminibus
1500 3578 1657 3647 electum‚et
1667 3579 1780 3634 missum

129 3689 237 3737 cetera
261 3676 396 3735 dicentis:
426 3699 435 3724 ι
460 3675 580 3733 Verbum
601 3676 676 3732 enim
698 3689 893 3732 causrummans
908 3680 936 3729 et
990 3661 1024 3718 ad
1038 3661 1243 3734 praedicandum
1258 3671 1384 3735 testatur,
1395 3665 1467 3722 sicat
1481 3673 1558 3722 erant
1572 3665 1694 3738 quidam,
1710 3671 1781 3730 210

127 3767 270 3826 brevians
285 3766 314 3822 iu
338 3764 543 3839 aequitatmquia
558 3761 673 3819 uerbum
687 3760 936 3818 breviatumlaciet
990 3757 1038 3830 qui
1063 3759 1142 3814 electi
1168 3759 1201 3815 ab
1225 3759 1355 3834 apostolis
1379 3760 1560 3818 mittebantur
1581 3760 1615 3818 ad
1646 3762 1781 3818 Ecclesias

128 3857 276 3914 Dominus
292 3864 488 3929 superterram
506 3853 573 3924 (lac.
589 3869 619 3922 x,
637 3851 680 3920 ²³3
697 3853 772 3909 Ram.
789 3865 829 3920 rx,
845 3850 929 3922 att·
990 3845 1178 3913 roborandas,
1201 3863 1290 3920 neque
1312 3847 1384 3905 sicut
1408 3847 1467 3916 alii,
1483 3848 1530 3922 qui
1542 3865 1558 3903 a
1571 3848 1674 3904 ludaris
1692 3851 1781 3906 uriae·

128 3947 160 4006 Si
184 3963 256 4018 erga
278 3945 338 4000 hauc
362 3943 435 4000 dicta
457 3941 653 4014 intelligerent,
668 3955 684 3996 a
697 3941 755 4010 lege
768 3937 935 4007 recederent,
989 3931 1091 3992 bantur
1117 3935 1151 3992 ad
1172 3935 1366 3994 disturbandas
1392 3938 1540 4006 Ecclesiae,
1561 3953 1629 4010 quos
1651 3939 1780 4010 pseudoa-

126 4035 262 4091 scientes
290 4047 307 4084 a
326 4031 519 4101 praedicatione
551 4029 663 4084 loannis
688 4027 818 4101 Baptistae
846 4027 932 4098 legem
989 4026 1112 4098 postolos
1127 4033 1227 4084 uacat:
1243 4027 1290 4084 sed
1302 4042 1317 4083 a
1328 4027 1399 4084 Filio
1415 4027 1464 4083 Dei
1481 4027 1595 4082 missum
1609 4041 1735 4099 sequani
1748 4027 1776 4081 iu

123 4119 195 4192 jam
227 4129 350 4182 cessaue3
364 4116 466 4172 utaala
480 4115 547 4169 lidos
561 4115 677 4172 sufficiat
691 4115 725 4172 aul
740 4115 868 4182 salutem,
883 4112 936 4170 ab·
990 4111 1042 4170 hac
1068 4129 1150 4171 cause
1170 4113 1274 4172 idcirco
1300 4114 1441 4172 hominem
1457 4129 1554 4186 negare
1568 4113 1676 4168 uidetur
1692 4131 1699 4180 3
1716 4113 1780 4185 quia

126 4198 270 4269 breviata
285 4217 319 4257 ex
334 4203 401 4273 lege.
414 4204 445 4258 lu
460 4203 518 4273 lege
533 4203 605 4256 euim
619 4211 644 4258 et
659 4205 691 4258 de
706 4204 889 4270 lleoPatre,et
902 4200 936 4258 de
990 4208 1125 4274 precepta
1139 4201 1215 4275 quasi
1230 4204 1303 4259 Deus
1317 4201 1462 4268 dedit,nou
1476 4201 1552 4276 quasi
1567 4199 1650 4255 homa
1664 4208 1780 4274 atquem
1872 4221 1874 4225 ·

124 4291 255 4353 Christo
280 4287 338 4343 lilio
361 4286 431 4359 ejus,
456 4293 482 4342 et
503 4287 536 4342 da
550 4287 653 4359 Spiritu
672 4299 766 4347 sancto
780 4290 937 4347 continetur
991 4289 1072 4360 elegit
1088 4287 1158 4358 (42),
1175 4289 1271 4346 diviua
1281 4287 1488 4361 judicioelegit.
1500 4289 1551 4344 Per
1565 4287 1637 4361 quad
1651 4287 1780 4346 idoneum

126 4377 368 4456 praedestinatum
390 4375 418 4432 in
438 4383 573 4446 tempore,
589 4374 661 4446 quad
679 4379 881 4436 manifestatum
896 4387 938 4436 est
990 4383 1018 4432 et
1039 4374 1150 4431 firmum
1173 4391 1201 4432 se
1225 4375 1429 4448 predicatorem
1444 4373 1600 4448 significan
1615 4377 1680 4450 quil
1694 4379 1781 4435 11111110

125 4471 159 4529 jn
182 4465 402 4541 praeditatione,
428 4479 492 4520 nam
508 4462 532 4518 si
548 4461 681 4534 signaculi
700 4463 1086 4536 causacircumci·1)utique
1111 4463 1208 4520 melior
1231 4471 1281 4532 est,
1306 4479 1385 4537 quem
1405 4466 1479 4520 Dens
1497 4465 1588 4537 elegit,
1604 4481 1686 4538 quam
1701 4483 1780 4536 quem
1854 4505 1860 4519 ,

127 4559 280 4617 debentur
293 4553 344 4610 tilii
366 4553 459 4622 lsrael,
480 4559 512 4608 ut
526 4549 628 4607 exinde
641 4559 802 4624 apparerent
815 4553 866 4609 lilii
880 4569 937 4612 esse
991 4551 1086 4612 homo.
1119 4575 1128 4600 ι
1148 4551 1251 4625 Neque,
1276 4551 1376 4626 iuquit,
1393 4569 1441 4626 per
1460 4553 1636 4621 hominem·
1657 4563 1728 4610 srcut
1741 4573 1782 4612 ar·

128 4645 259 4709 Abrahae
277 4643 358 4716 juxta
380 4657 499 4710 caruem,
523 4641 576 4696 rite
596 4655 702 4698 cessare
719 4639 800 4697 dehet
824 4643 937 4698 circum·

129 4739 226 4802 cisro;
250 4734 315 4807 qaia
336 4733 441 4805 aiginam
466 4731 566 4787 habant
589 4730 732 4789 credentes
754 4731 850 4786 mortis
864 4731 938 4789 deui-

129 4835 194 4894 ctae,
213 4839 272 4898 qua
284 4821 482 4894 dignoscuntur
497 4819 548 4876 sulii
563 4835 620 4876 esse
634 4819 762 4888 Abrahae,
776 4819 823 4876 sed
842 4837 936 4880 secun·

130 4913 201 4971 dum
230 4909 337 4968 fidem:
361 4907 477 4965 Abrahae
500 4908 572 4963 enim
588 4909 740 4980 promissus
754 4915 804 4978 est,
818 4911 867 4985 qui
881 4927 936 4968 ue-

129 5003 218 5061 niens
243 4999 369 5056 uinceret
390 5003 516 5052 mortum.
534 4995 658 5068 lienique
672 4995 749 5052 hunc
762 4998 938 5070 exspectabat

129 5091 291 5154 Abrabam,
307 5101 388 5159 quem
404 5084 433 5139 iu
449 5083 547 5154 spirita
560 5084 681 5140 sentiens
697 5090 801 5153 uatum,
827 5086 937 5156 gavisus

129 5187 184 5248 est,
202 5177 300 5235 sciens
314 5191 342 5232 se
356 5174 385 5230 in
400 5171 477 5230 breui
488 5171 625 5228 introduci
640 5173 669 5228 in
679 5173 769 5229 calos.
787 5173 937 5234 Undediait

991 4641 1167 4700 bitrabantnr
1187 4642 1220 4698 de
1245 4642 1365 4710 Christo,
1382 4642 1428 4715 qui
1448 4643 1498 4699 has
1512 4643 1644 4713 cogebant
1657 4644 1781 4701 circum-

992 4731 1064 4800 cidi3
1079 4731 1126 4788 scd
1140 4746 1187 4803 per
1201 4731 1348 4786 Dominum
1367 4733 1457 4784 lesum
1474 4729 1626 4798 ChrIstum,
1642 4731 1671 4787 id
1685 4741 1724 4786 cst
1736 4749 1781 4804 prr

992 4835 1055 4877 eum
1079 4820 1126 4893 qui
1155 4821 1227 4875 Deus
1250 4827 1276 4874 et
1297 4819 1379 4872 hama
1402 4825 1451 4872 est.
1476 4816 1555 4884 Quod
1576 4821 1667 4873 statim
1683 4821 1779 4890 eguerit,

991 4925 1054 4967 cum
1075 4908 1162 4965 dicit:
1184 4907 1244 4963 «Et
1258 4908 1345 4963 Deum
1361 4905 1478 4974 Patrem,
1495 4907 1543 4980 qui
1562 4907 1704 4964 suscitavit
1720 4925 1779 4964 aum

991 5013 1009 5054 a
1022 4997 1147 5053 mortuis.
1167 5019 1177 5045 »
1204 4995 1262 5051 llos
1275 4993 1359 5062 dicta,
1376 4993 1444 5051 duas
1459 4993 1576 5051 hareses
1590 4995 1741 5066 darunarit,
1756 5007 1782 5054 et

991 5083 1136 5143 Manichaei
1159 5092 1187 5140 et
1211 5082 1342 5150 Phatiui3
1369 5083 1433 5156 quia
1454 5081 1621 5140 blanichaeus
1642 5081 1779 5140 Christum

992 5171 1132 5229 hominem
1157 5179 1248 5244 nugat,
1263 5179 1290 5227 et
1309 5186 1364 5227 uon
1378 5179 1458 5244 negat
1473 5171 1656 5230 crucifixum:
1673 5177 1699 5225 et
1714 5169 1780 5224 l’ho-

130 5267 280 5324 Douriuus
302 5264 337 5320 ad
359 5261 484 5318 ladaease
513 5283 523 5308 e
544 5257 682 5317 Abraham
706 5261 813 5336 cupivit
841 5263 936 5321 uidere
990 5259 1068 5318 tinus
1088 5259 1229 5317 Christum
1245 5262 1332 5317 Deum
1348 5275 1407 5316 asse
1420 5275 1475 5316 non
1491 5259 1632 5324 concedit,
1651 5265 1676 5312 at
1691 5263 1779 5310 taurea

132 5353 211 5412 diem
239 5369 350 5419 meum;
372 5359 399 5406 ot
420 5349 500 5416 uidit,
520 5355 546 5404 at
566 5349 675 5420 gauisus
702 5356 742 5405 est
763 5349 856 5423 (loon.
870 5367 933 5422 unr,
992 5347 1082 5421 ipsum
1105 5364 1144 5417 se,
1166 5347 1219 5404 hoc
1236 5356 1277 5405 est
1295 5363 1394 5420 corpus
1417 5364 1508 5416 suum,
1530 5347 1661 5403 excitasse
1677 5358 1692 5396 a
1710 5354 1779 5396 mar·

172 5527 239 5598 (at)
255 5523 335 5580 llam
350 5519 427 5590 adit,
443 5518 589 5575 circumcisi
602 5523 664 5574 aaut
677 5518 769 5578 cultris
780 5519 935 5594 rupetra...
1029 5519 1088 5594 (42)
1105 5519 1199 5580 Codex
1214 5521 1298 5593 Vall,
1314 5519 1470 5594 etguaaiam
1483 5515 1572 5574 cliviae
1578 5507 1681 5580 tudima
1695 5507 1779 5584 rupta.

136 5603 168 5656 tat
182 5595 384 5670 aimrificuretar
400 5609 448 5664 por
468 5593 613 5659 climatum,
628 5598 683 5648 ata.
