4094 6182
261 361 312 422 ιιι
776 362 822 417 in
842 359 959 416 oanni
978 335 1398 417 s.Allttt0311Ari>ttletx.
1866 359 1921 418 iii

260 503 325 552 sunt
339 491 509 566 hujusmodi,
522 492 570 566 qui
584 491 667 550 etiem
686 489 720 548 de
747 487 869 544 minimis
880 484 1055 558 judicanti·
1076 491 1100 550 A
1114 486 1215 556 lenitis,
1231 495 1258 544 et
1279 486 1412 544 fraudatis
1429 504 1434 543 :
1452 494 1480 544 et
1500 485 1554 544 boe
1567 485 1709 544 iratribus.
1735 509 1744 533 ·
1774 485 1855 544 Nunc
1869 487 1920 546 lios

261 585 319 642 Hoc
329 590 380 651 est,
391 600 447 640 non
461 592 526 640 sunt
536 583 631 657 ntique
646 579 752 652 indigni
762 579 794 646 ii,
810 577 857 652 qui
873 576 964 650 ipsum
981 595 1061 636 inun·
1116 578 1240 652 corripit,
1256 595 1373 653 quorum
1391 575 1529 649 injustitia
1539 574 1663 649 jurgium
1679 583 1838 649 generatum
1855 577 1921 652 quia

260 673 326 732 dum
344 673 496 746 judicaturi
511 681 585 734 sunt.
601 689 633 729 ea
643 669 771 744 judicare
794 685 855 742 quae
871 667 967 724 mundi
982 676 1058 725 sunt.
1117 685 1172 725 non
1196 670 1286 724 solum
1311 686 1358 741 per
1373 668 1497 726 fraudem
1512 667 1658 724 admissam
1676 666 1715 723 rei
1729 675 1806 737 suut,
1822 668 1869 726 sed
1891 676 1920 726 et

297 763 389 828 (Vers.
403 763 444 834 3.)
481 763 622 820 ·Nescitis
639 759 769 834 quoniam
793 757 1062 832 angelosjudicabi-
1117 764 1221 830 partem
1245 756 1347 814 habent
1369 756 1464 814 delicti
1489 758 1613 825 illorum,
1629 756 1677 830 qui
1702 757 1791 813 coacti
1816 755 1921 830 injuria

262 869 323 909 mus
335 853 371 910 l·
389 852 505 910 Addidit
529 851 599 924 plus,
614 848 740 906 dicendo:
768 848 903 921 «angelos
919 847 1063 921 judicabi—
1116 854 1163 902 aut
1178 845 1274 902 frande
1289 861 1395 913 eorum,
1411 845 1537 902 infideles
1552 851 1648 918 rogant
1663 843 1697 901 ad
1710 843 1892 917 judicandum
1911 864 1917 903 ε

261 958 358 1010 mus„
386 942 415 998 id
439 949 490 1009 est,
514 938 651 1012 potentias
668 939 814 1010 spiritales,
830 954 897 1012 quas
920 939 975 996 alic
1002 939 1062 996 loco
1117 942 1227 991 etcum
1251 933 1374 990 fraudem
1397 942 1446 990 aut
1460 934 1576 1006 iujurias
1600 934 1691 992 illatas
1707 935 1834 1008 persequi
1859 952 1916 992 nou

262 1031 387 1088 traditio
402 1029 559 1086 caelestibus
578 1028 686 1101 degere,
703 1029 800 1085 eodem
815 1045 913 1102 genere
925 1028 1059 1101 judicari·
1117 1026 1258 1096 deberent,
1273 1043 1330 1084 neu
1344 1028 1434 1085 solum
1445 1026 1589 1084 vindicant
1614 1026 1662 1084 sed
1679 1034 1706 1084 et
1723 1028 1774 1101 ipsi
1790 1028 1917 1086 iraudem

259 1119 308 1176 dos
322 1121 433 1192 angelos
446 1137 463 1176 a
476 1120 567 1186 nobis,
587 1135 642 1192 quo
655 1127 682 1174 et
697 1118 816 1176 inundes
827 1117 1012 1190 judicabitur.
1117 1127 1144 1174 et
1159 1117 1275 1190 injurias
1290 1117 1412 1186 faciunt;
1429 1126 1460 1174 ut
1475 1117 1615 1191 punienda
1636 1120 1762 1192 exempla
1786 1119 1920 1176 fratribus

297 1209 389 1283 (Vera.
404 1209 432 1278 ι,
448 1209 489 1282 ὅ.)
512 1234 521 1256 ι
537 1209 683 1266 Saecularis
696 1208 781 1281 igitur
791 1208 897 1281 judicia
910 1209 932 1265 si
954 1209 1063 1266 babue-
1117 1209 1250 1265 tribuant.
1267 1209 1303 1264 Et
1313 1208 1380 1282 quid
1395 1208 1458 1264 aliis
1472 1208 1561 1266 lacere
1575 1208 1713 1278 credatur,
1724 1207 1772 1282 qui
1787 1224 1843 1266 uon
1859 1227 1920 1282 par-

260 1300 332 1367 ritis,
359 1297 582 1371 contemptibiles
595 1298 643 1372 qui
660 1305 726 1355 sunt
741 1297 770 1354 in
784 1299 922 1366 Ecclesia,
951 1299 1016 1355 illos
1028 1298 1062 1355 ad
1117 1298 1156 1355 cit
1171 1297 1250 1355 suis?

255 1388 439 1461 iudicandum
460 1387 657 1445 constituite·
690 1387 838 1444 Saecularia
855 1386 964 1459 judicia
987 1396 1062 1455 sunt,
1154 1387 1246 1458 (Vers.
1270 1387 1297 1455 9,
1315 1386 1373 1459 te.)
1395 1387 1463 1442 «An
1479 1385 1603 1455 nescitis,
1618 1385 1683 1460 quia
1698 1385 1789 1460 iniqui
1803 1403 1919 1460 regnum

260 1479 295 1536 ad
309 1494 408 1551 corpus
422 1476 588 1551 pertinentia
600 1477 644 1532 vel
660 1493 801 1548 corporea.
816 1478 853 1533 Et
867 1478 932 1550 quia
947 1493 1003 1533 non
1024 1477 1064 1535 sic
1117 1477 1166 1534 Dei
1178 1492 1234 1532 non
1250 1476 1452 1549 possidebunt?
1467 1501 1476 1524 ·
1494 1477 1551 1534 Hoc
1561 1476 1635 1533 dieto
1650 1474 1771 1532 ostendit
1786 1477 1848 1534 illos
1863 1493 1921 1534 nou

261 1567 321 1625 lieri
336 1566 427 1636 debet,
442 1565 561 1640 adjecit:
584 1589 594 1615 ι
608 1565 652 1622 Ad
665 1567 848 1624 reverentiam
863 1566 922 1638 (ee)
941 1575 1060 1624 vestram
1119 1566 1225 1622 nescios
1246 1581 1366 1637 peecare,
1382 1581 1414 1621 ac
1428 1581 1476 1636 per
1499 1565 1551 1622 hoe
1573 1565 1683 1639 gravius
1707 1565 1920 1623 vindicandum.

259 1657 332 1715 dico.
347 1679 357 1706 ι
374 1655 413 1714 Ne
426 1655 491 1729 quia
504 1655 734 1728 supranepotium
750 1654 917 1724 nominavit,
932 1654 981 1712 sed
996 1672 1064 1728 qua·
1118 1654 1147 1710 Si
1161 1653 1235 1710 enim
1250 1653 1482 1712 immisericordes
1498 1655 1556 1727 (³2)
1583 1655 1621 1712 rei
1644 1662 1709 1712 sunt
1732 1655 1805 1728 apud
1819 1656 1920 1724 Deum,

261 1747 287 1804 le
312 1761 368 1803 uon
387 1743 570 1816 significarit:
601 1751 666 1800 sunt
679 1743 754 1800 enim
769 1752 796 1802 et
823 1744 920 1801 divina
943 1744 1064 1821 negotia,
1118 1750 1222 1816 quante
1238 1743 1323 1816 magis
1337 1743 1446 1817 iniqui?
1475 1745 1598 1800 «Nolite
1614 1760 1719 1812 errare;
1743 1760 1806 1802 nam
1830 1760 1922 1818 neque

261 1835 368 1893 dicente
383 1833 498 1892 eodem:
532 1833 677 1906 ‹Adiutor
700 1833 803 1907 negotii
824 1834 878 1890 mei
892 1835 984 1907 (Roi-
1002 1851 1062 1905 xvi,
1080 1849 1102 1908 B
1119 1833 1270 1900 fornicarii,
1296 1849 1385 1905 neque
1400 1833 1483 1890 idelis
1498 1834 1660 1900 servientes,
1677 1849 1766 1908 neque
1786 1833 1920 1903 adulteri,

261 1926 299 2000 3).
319 1949 329 1974 ›
361 1925 396 1981 Et
418 1923 560 1982 saecularia
574 1926 645 1981 forte
666 1923 783 1996 judicia,
799 1924 864 1998 quia
883 1923 1062 1997 prohibuerat
1116 1939 1204 1996 neque
1220 1923 1326 1989 molles,
1343 1939 1432 1997 neque
1445 1925 1630 1981 masculorum
1645 1923 1849 1995 concubitores,
1865 1943 1921 1983 ne-

260 2014 333 2090 apud
348 2012 466 2086 persidos
491 2012 607 2086 agenda,
631 2013 759 2086 quamvis
779 2012 808 2068 in
836 2013 971 2082 Ecclesia,
987 2012 1060 2070 sieut
1115 2028 1168 2085 que
1182 2011 1267 2080 iures,
1283 2027 1373 2086 neque
1394 2012 1481 2082 avari,
1497 2029 1585 2086 neque
1600 2011 1713 2078 ebriosi,
1728 2029 1817 2087 neque
1837 2015 1919 2072 male·

261 2102 415 2171 audierant,
442 2119 459 2159 a
486 2102 723 2177 qualibuscunque
745 2110 837 2159 tamen
863 2109 992 2178 putarent
1010 2119 1056 2160 au·
1116 2100 1183 2169 dici,
1199 2118 1287 2175 neque
1306 2119 1416 2174 rapaces
1431 2119 1544 2176 regnum
1554 2102 1602 2160 Dei
1618 2102 1834 2175 possidebunt.»
1858 2105 1919 2162 b'on

261 2191 362 2249 dienda
385 2199 432 2248 aut
459 2190 644 2260 terminando,
670 2191 704 2247 ad
728 2191 857 2248 ruborem
884 2207 980 2247 eorum
1005 2191 1057 2248 ait:

268 2307 277 2328 ι
294 2279 520 2354 contemptibiles
530 2281 577 2355 qui
589 2289 654 2338 sunt
666 2281 695 2338 iu
711 2280 846 2348 Ecclesia,
861 2279 923 2336 illes
938 2279 975 2336 ad
986 2278 1060 2352 judi-

261 2371 379 2428 candum
398 2369 568 2428 constituite.
589 2371 683 2426 »Sunt
703 2369 823 2426 enimin
845 2368 969 2425 Ecclesia
985 2375 1013 2424 et
1028 2366 1061 2424 li·

262 2475 330 2534 gnea
342 2475 420 2526 vasa;
437 2467 493 2516 tam
510 2459 584 2515 euim
600 2458 788 2516 intractabiles
801 2466 829 2514 et
843 2456 1060 2516 inconsideratos

262 2566 308 2607 eos
334 2548 511 2621 significavit,
540 2557 571 2606 ιιι
597 2547 741 2620 imperitos
764 2547 835 2603 forte
863 2563 899 2602 ex
929 2545 1061 2602 iratribus

258 2637 366 2719 judiees
379 2639 521 2710 eligerent.
542 2638 600 2694 lloe
613 2637 647 2693 de
661 2643 776 2709 experto
791 2636 939 2708 Apostolus
953 2653 960 2702 ;
986 2635 1061 2692 scie-

260 2727 306 2785 bat
320 2726 394 2784 enim
410 2743 493 2801 quani
508 2726 594 2799 tepidi
609 2733 637 2782 et
652 2725 804 2800 improvidi
819 2725 849 2782 in
862 2725 980 2798 reliquis
994 2740 1057 2781 cau·

1115 2191 1174 2247 haec
1197 2190 1302 2249 idcirco
1318 2192 1482 2249 memoravit
1497 2192 1575 2266 quasi
1600 2191 1748 2260 nescirent,
1764 2193 1836 2268 apud
1852 2212 1922 2268 ques

1115 2297 1218 2338 annum
1234 2289 1262 2338 ct
1276 2297 1323 2337 sex
1340 2298 1448 2338 menses
1458 2281 1539 2350 sedit,
1554 2281 1655 2338 docens
1669 2281 1852 2355 Evangelium
1868 2285 1920 2341 Dei

1117 2369 1188 2441 (Act.
1204 2386 1286 2438 xviii,
1305 2370 1349 2442 ll)
1367 2389 1373 2427 ;
1390 2369 1437 2428 sed
1459 2371 1640 2436 commonuit,
1658 2377 1689 2428 ut
1709 2379 1875 2429 restauraret
1890 2373 1920 2429 iii

1116 2457 1173 2514 illis
1195 2459 1376 2516 reverentiam
1394 2459 1471 2532 legis,
1488 2468 1515 2518 et
1538 2459 1668 2516 meritum
1684 2459 1718 2516 ad
1734 2475 1817 2534 regua
1837 2462 1920 2518 coelo·

1117 2564 1190 2604 rein.

1153 2637 1243 2709 (Vers.
1263 2638 1320 2709 ll.)
1343 2661 1353 2684 ι
1367 2639 1403 2696 Et
1429 2637 1482 2695 hoe
1496 2637 1607 2713 quidem
1623 2637 1726 2696 inistis.
1742 2662 1752 2686 ι
1773 2638 1813 2695 Ne
1826 2639 1919 2696 omui·

1115 2725 1168 2784 bus
1190 2726 1243 2785 boc
1266 2727 1401 2784 ascribere
1425 2727 1576 2797 videretur,
1591 2735 1639 2783 aut
1662 2735 1735 2785 certe
1761 2743 1857 2786 omnes
1884 2727 1919 2786 ah

260 2815 299 2871 ιιι
313 2816 421 2873 fueraut
435 2814 614 2888 deprehensi.

305 2904 374 2962 ·Sic
396 2912 510 2962 nonest
537 2905 609 2961 inter
631 2918 681 2960 vos
703 2904 848 2977 quisquam
863 2901 982 2976 sapiens,
1013 2901 1061 2976 qui

263 2991 559 3068 possitjudieareinter
569 2992 682 3049 fratrem
693 3008 774 3048 suum
784 2993 818 3048 l»
836 2991 1059 3064 Quiaergosunt,

263 3082 364 3156 inquit,
380 3080 636 3154 sepienteslratres‚
653 3081 737 3153 aliqui
753 3079 851 3137 berum
868 3080 1006 3152 eligantur
1027 3080 1062 3137 ad
1116 3081 1152 3137 Et
1175 3081 1258 3138 need
1285 3081 1354 3139 iram
1382 3083 1446 3139 illos
1474 3089 1646 3157 provocaret,
1673 3079 1773 3154 adjecit
1799 3099 1805 3137 :
1831 3104 1841 3128 ι
1865 3081 1921 3139 Sed

1116 2814 1160 2872 bis
1179 2815 1346 2874 criminibus
1368 2816 1506 2872 immunes
1528 2815 1640 2884 laceret,
1665 2816 1688 2873 si
1714 2823 1817 2874 taceret
1841 2817 1918 2902 (pro-

1116 2903 1240 2961 hibuisse
1268 2904 1342 2962 enim
1371 2904 1528 2973 videbatur,
1556 2920 1613 2960 non
1642 2903 1776 2962 revelasse
1798 2903 1920 2962 erimina

1117 2991 1253 3065 illorum),
1270 2992 1374 3050 idcirco
1389 2992 1430 3050 sic
1443 2993 1482 3049 eit
1498 3011 1504 3050 ε
1528 2994 1590 3049 ‹Et
1601 2992 1770 3067 hocquidem
1786 2991 1915 3049 inistis.»

260 3169 442 3244 judicandum
458 3186 575 3242 quorum
584 3169 720 3242 judiciuin
729 3169 843 3226 miretur
856 3169 974 3226 mundus
987 3170 1059 3242 (30).
1078 3211 1100 3271 G
1115 3169 1204 3226 abluti
1218 3171 1282 3239 esti,
1297 3197 1307 3220 ι
1337 3179 1368 3228 ιιι
1382 3179 1559 3244 agnoscentes
1579 3171 1697 3228 crimina
1711 3170 1748 3228 rei
1765 3169 1841 3238 laeti,
1861 3180 1916 3227 sta·

262 3259 462 3332 Magnusenitn
488 3258 577 3333 pudor
593 3267 645 3329 est,
660 3260 683 3316 si
704 3260 776 3317 iuter
791 3275 837 3317 eos
857 3260 905 3333 qui
929 3257 1062 3317 dicuntur
1114 3259 1166 3315 tim
1181 3259 1347 3332 respirarent
1375 3261 1518 3318 audientes
1548 3277 1587 3316 :s
1615 3259 1668 3316 Sed
1689 3258 1777 3316 abluti
1807 3260 1911 3316 estis·

261 3350 348 3405 Deum
374 3349 544 3422 cognovisse,
561 3364 617 3405 non
641 3348 811 3416 inveniatur,
827 3347 875 3421 qui
902 3348 1061 3404 examinare
1115 3349 1211 3407 Solent
1225 3349 1298 3406 enim
1324 3349 1410 3423 aliqui
1426 3349 1557 3422 pudorem
1572 3349 1668 3423 pati,et
1682 3348 1830 3421 corrigere,
1849 3365 1914 3406 cum

261 3439 347 3512 possit
360 3441 501 3513 negotium
513 3437 595 3511 juxta
608 3436 655 3510 jus
673 3440 873 3510 evangelicum.
890 3437 954 3494 Ideo
968 3446 1060 3496 autem
1116 3437 1150 3494 de
1162 3454 1190 3495 se
1204 3438 1323 3495 audiunt
1338 3438 1419 3495 bona.

262 3525 373 3582 tratrem
389 3525 512 3599 judicem
525 3525 682 3599 eligendum
697 3524 777 3592 dicit,
787 3524 852 3598 quia
865 3523 958 3580 adhuc
971 3531 1061 3582 rector
1156 3550 1167 3574 ι
1195 3527 1248 3585 Sed
1271 3527 1434 3586 sanctificati
1456 3529 1533 3598 estis,
1550 3528 1597 3585 sed
1624 3528 1770 3602 justificati
1798 3528 1864 3585 estis
1890 3529 1920 3584 iu

261 3614 393 3670 Ecclesia
405 3613 518 3671 illorum
533 3631 589 3670 non
599 3620 658 3671 erat
671 3614 826 3671 ordinatus.
1115 3614 1227 3671 nomine
1250 3616 1362 3672 Domini
1378 3617 1465 3674 nostri
1486 3618 1551 3674 lesu
1565 3617 1679 3687 Christi,
1695 3626 1723 3675 et
1747 3615 1852 3690 Spiritu
1868 3619 1920 3674 Dei

299 3701 390 3772 (Vere.
402 3701 442 3775 6.)
465 3727 475 3752 ι
489 3703 542 3760 Sed
555 3702 640 3760 irater
654 3719 717 3760 cuni
733 3703 818 3760 fratre
830 3701 939 3775 judicio
949 3710 1059 3759 centeii·
1115 3704 1239 3760 nestri·
1261 3705 1325 3762 llaee
1343 3707 1437 3763 omnia
1452 3707 1586 3764 beneficia
1613 3707 1744 3782 puritatis
1766 3707 1796 3763 in
1819 3705 1922 3778 baptis
2001 3693 2004 3696 ¹

262 3788 313 3857 dit,
338 3797 365 3846 et
388 3789 440 3848 boc
463 3791 536 3864 apud
551 3791 685 3848 infideles.
705 3815 715 3840 ι
737 3791 914 3848 Manifestum
927 3800 968 3848 est
996 3790 1060 3865 qnia
1115 3801 1186 3850 mate
1197 3796 1339 3854 consecuti
1362 3805 1524 3866 noscuntur,
1550 3798 1624 3870 quod
1638 3805 1679 3854 est
1704 3796 1921 3854 tundamentum

158 3929 161 3934 .
263 3877 390 3935 infideles
412 3887 459 3936 aut
483 3879 611 3949 arbitros,
626 3881 771 3937 utassolet
797 3880 869 3949 lieri,
901 3880 1055 3953 postulatos
1115 3885 1279 3955 evangelice
1303 3886 1425 3944 veritati.
1451 3888 1514 3945 lllic
1539 3888 1614 3944 enim
1644 3885 1775 3944 omnibus
1802 3885 1924 3960 peccatis

262 3967 410 4041 tissssificab
424 3966 1062 4041 autiudioempubliollffl‚0uidicl⁸01t³ltflo-
1115 3973 1256 4047 depositis,
1281 3976 1405 4036 abluitur
1429 3977 1553 4048 credens,
1571 3986 1599 4036 et
1622 3977 1836 4052 justilleaturiu
1862 3978 1924 4032 Do-

261 4057 306 4114 die
316 4057 375 4115 dies
388 4074 530 4115 sacrorum
544 4067 596 4128 est,
609 4057 656 4130 jus
666 4056 721 4114 dici
737 4057 793 4113 non
803 4064 902 4132 potest.
1116 4063 1184 4118 mini
1200 4065 1322 4134 nomine,
1335 4074 1362 4122 et
1377 4084 1425 4139 per
1438 4068 1573 4140 Spiritum
1598 4067 1648 4125 Dei
1664 4068 1750 4126 nostri
1769 4069 1826 4124 Deo
1841 4066 1919 4123 lilius

303 4155 374 4212 130
387 4149 478 4223 (Vers.
496 4149 535 4222 7.)
568 4172 578 4197 ι
597 4150 656 4206 lam
670 4149 782 4222 quidem
798 4149 912 4206 omnino
929 4149 1061 4207 delictum
1116 4151 1272 4224 adoptatur.
1292 4155 1344 4212 Per
1365 4156 1417 4214 boe
1436 4157 1567 4214 admonet
1582 4157 1646 4214 illos
1661 4163 1764 4230 quanta
1778 4163 1806 4213 et
1829 4155 1923 4228 qualis

261 4249 291 4304 iii
304 4248 383 4304 vebis
396 4257 447 4317 est,
460 4248 533 4322 quod
544 4248 651 4320 judicia
667 4248 773 4306 habetis
789 4248 862 4304 inter
878 4265 937 4304 ves.
957 4272 966 4295 ι
989 4248 1061 4303 Pec-
1115 4243 1152 4297 sit
1175 4241 1271 4314 gratia,
1298 4260 1379 4317 quani
1405 4263 1453 4318 per
1476 4262 1569 4302 veram
1597 4245 1775 4302 traditionem
1802 4242 1923 4301 assecmi

262 4344 425 4394 catumessc
449 4339 597 4410 signifieat,
620 4341 685 4414 quia
703 4340 866 4397 frateroum
897 4338 982 4394 fratre
1006 4337 1061 4394 tiri.
1116 4337 1181 4386 sunt
1206 4349 1212 4387 :
1234 4339 1327 4404 postea
1342 4351 1407 4391 vere
1428 4343 1524 4391 contra
1544 4335 1615 4392 banc
1636 4335 1756 4407 regulam
1776 4331 1843 4389 lidei
1868 4333 1923 4388 ini·

262 4432 317 4498 gal,
333 4441 397 4480 oum
418 4425 508 4482 danda
533 4443 615 4499 opem
629 4430 676 4496 sit,
690 4437 720 4485 ut
734 4429 885 4491 concordes
898 4428 968 4495 sint,
982 4429 1061 4502 quasi
1116 4419 1197 4492 pulsu
1213 4421 1348 4478 malornm
1368 4422 1513 4480 doctorum
1535 4424 1694 4488 sentientes,
1711 4421 1755 4479 his
1777 4421 1922 4479 beneficiis

262 4513 395 4587 germani,
419 4514 539 4569 maxime
565 4531 628 4570 eum
654 4514 723 4572 fides
743 4526 836 4573 nostra
858 4516 919 4588 paci
941 4517 1059 4575 studeat,
1115 4522 1143 4562 se
1157 4518 1306 4566 exuerunt.
1323 4511 1401 4568 Unde
1418 4511 1447 4568 id
1462 4511 1528 4586 agit,
1545 4520 1577 4569 ut
1600 4519 1710 4570 revocet
1731 4513 1794 4568 illos
1808 4509 1843 4566 ad
1868 4527 1924 4566 ve-

262 4603 422 4677 Quanquam
447 4601 522 4658 enim
546 4601 720 4660 Christianus
744 4605 851 4678 litigare
870 4621 926 4662 non
954 4603 1061 4676 dehe'at,
1077 4577 1101 4635 D
1116 4610 1175 4654 ram
1193 4606 1222 4656 et
1245 4601 1363 4673 primam
1381 4601 1556 4671 sententiam,
1580 4609 1611 4658 ut
1626 4607 1830 4675 recuperarent,
1847 4597 1925 4673 quod
2034 4659 2035 4662 ,

262 4701 355 4750 umen
370 4691 393 4748 ιι
412 4708 493 4765 greve
509 4691 576 4765 quid
598 4693 692 4761 luerit,
718 4703 746 4751 et
760 4695 835 4768 quod
851 4696 993 4753 contemni
1007 4712 1064 4754 non
1117 4695 1228 4746 luerent
1240 4690 1393 4748 consecuti.

264 4781 359 4854 possit,
374 4797 485 4838 eaumm
507 4782 542 4839 ad
555 4783 706 4840 Ecclesiam
722 4783 855 4855 delerati;
886 4803 921 4844 ne
946 4786 1063 4846 etdam·
1154 4777 1245 4849 (Vm
1264 4779 1320 4851 Η)
1343 4805 1352 4826 “
1373 4779 1668 4843 Omniamihilissssssb
1686 4777 1735 4836 ⁵0d
1757 4777 1927 4834 ¹¹⁰1¹⁰¹¹¹1¹5²

263 4886 329 4928 num
340 4869 374 4926 ad
389 4886 516 4944 presens,
532 4880 559 4929 et
572 4872 752 4930 offensionem
763 4875 833 4931 forte
849 4875 968 4932 incurat,
1117 4865 1270 4939 expediunt
1286 4867 1378 4940 (33).»
1400 4867 1571 4936 Quibusdam
1587 4868 1698 4924 videtur
1712 4873 1825 4939 propter
1839 4864 1926 4922 liber·

299 4958 390 5029 (Veis.
408 4959 449 5032 8,)
473 4960 586 5028 «Quare
608 4977 664 5018 non
680 4964 765 5035 inagis
788 4963 920 5035 iniuriam
937 4964 1064 5036 accipitis
1117 4963 1202 5012 tatem
1216 4957 1339 5014 concessi
1353 4955 1573 5014 Arbitriidixissc
1587 4957 1751 5029 Apostolum
1769 4972 1776 5010 :
1795 4977 1804 5001 ι
1822 4952 1927 5010 Omnia

265 5048 323 5122 (ti)
335 5048 349 5106 l
363 5064 447 5123 quare
461 5065 518 5106 nou
531 5049 617 5123 magis
635 5050 782 5108 fraudem?
796 5051 849 5108 Sed
865 5068 914 5108 vos
929 5050 1062 5124 injuriam
1117 5043 1187 5100 inihi
1211 5044 1305 5113 licent,
1321 5070 1330 5094 ι
1361 5052 1425 5113 ete,
1442 5050 1473 5100 ut
1495 5043 1576 5102 liceat
1596 5043 1740 5112 fornicari,
1756 5057 1813 5100 non
1830 5048 1927 5098 tamen

300 5207 359 5284 (29)
377 5209 452 5267 Edit.
468 5217 495 5266 et
508 5225 572 5265 mss.
588 5208 727 5280 nonnulli,
743 5211 780 5267 od
794 5211 996 5278 cereceediem;
1013 5212 1062 5268 alii
1116 5221 1185 5271 cum,
1199 5204 1317 5261 habetur
1331 5205 1365 5285 in,
1376 5203 1438 5262 eliis
1454 5204 1527 5274 eod,
1539 5205 1624 5277 jemla
1639 5220 1696 5274 etet
1710 5201 1887 5285 coequalium.
1909 5272 1916 5284 ·

263 5298 328 5340 mss.
353 5282 445 5354 plnres
468 5296 500 5338 ae
522 5280 652 5354 potiores,
672 5283 708 5337 od
727 5283 909 5338 reuerentiam.
940 5283 977 5339 At
1003 5299 1060 5358 seq.
1141 5278 1212 5405 {³⁰
1227 5278 1306 5333 iloni.
1324 5276 1389 5332 edit.
1404 5284 1431 5358 et
1446 5277 1557 5360 quidem
1577 5293 1654 5358 mss„
1670 5273 1803 5345 injurium
1813 5280 1928 5346 petreii·

263 5369 344 5411 versu
359 5371 408 5426 pro
429 5351 522 5409 dicius
542 5353 654 5424 nepotis,
670 5353 745 5410 solus
770 5353 853 5412 Corb.
870 5353 946 5427 legit,
967 5354 1063 5424 divine
1117 5365 1147 5404 nt
1182 5364 1388 5425 querenvorde
1405 5365 1428 5403 ts
1441 5349 1624 5419 lreudemtnt.

259 5422 375 5494 jedmic.
1153 5419 1212 5490 (32)
1224 5420 1298 5475 Edit.
1315 5365 1439 5501 qqaafam
1456 5418 1680 5500 Peris.,·Siertim
1690 5415 1889 5473 misericordes.

300 5496 359 5567 (30)
369 5497 410 5553 lta
425 5511 489 5554 ruse.
498 5492 596 5568 aliqui,
611 5503 639 5552 et
652 5502 708 5554 vet.
725 5495 792 5552 edit.
806 5497 900 5564 ;llorn.
915 5513 981 5553 vero
995 5497 1062 5554 inii-
1133 5561 1139 5572 ,
1152 5490 1211 5562 (33)
1226 5491 1372 5562 Expositis
1382 5491 1470 5572 liujus
1491 5491 1622 5548 versiculi
1649 5506 1679 5572 iii
1695 5505 1760 5570 niss.
1787 5502 1845 5542 nou
1860 5503 1929 5568 pau3

266 5571 334 5622 tetur
351 5568 484 5635 muudum
514 5575 541 5623 et
564 5566 656 5638 plures
679 5583 762 5638 mss,
788 5575 904 5624 uteretur
926 5569 1059 5638 mendes;
1115 5578 1155 5618 eis
1182 5561 1234 5618 boe
1249 5563 1309 5619 leco
1331 5563 1481 5630 emittitur,
1503 5561 1550 5618 sed
1575 5567 1719 5633 reponitur
1741 5575 1771 5615 in
1793 5565 1927 5634 sequenti

263 5633 358 5705 Corb,
377 5636 482 5708 judicio
496 5637 695 5695 meretricaliter
717 5639 840 5696 mundns.
858 5639 934 5696 lutra
956 5647 1060 5710 autem,
1115 5631 1223 5707 pagina,
1238 5634 1311 5691 unde
1327 5635 1382 5691 alia
1396 5649 1493 5691 rursus
1506 5638 1739 5705 transponuntur.

264 5705 376 5764 ubivet.
391 5708 505 5768 editae
517 5725 583 5768 mss.
600 5726 655 5768 non
670 5712 760 5784 pauci,
771 5710 912 5782 iactetur
923 5711 1061 5784 cenapoli-
