<?xml version="1.0" encoding="UTF-8"?>
<!DOCTYPE html PUBLIC "-//W3C//DTD XHTML 1.0 Transitional//EN"
    "http://www.w3.org/TR/xhtml1/DTD/xhtml1-transitional.dtd">
<html xmlns="http://www.w3.org/1999/xhtml" xml:lang="en" lang="en">
 <head>
  <title>
</title>
<meta http-equiv="Content-Type" content="text/html;charset=utf-8" />
  <meta name='ocr-system' content='tesseract 3.04.00' />
  <meta name='ocr-capabilities' content='ocr_page ocr_carea ocr_par ocr_line ocrx_word'/>
</head>
<body>
  <div class='ocr_page' id='page_1' title='image "./patrologiaecurs131migngoog/patrologiaecurs131migngoog_0270.png"; bbox 0 0 4078 6186; ppageno 0'>
   <div class='ocr_carea' id='block_1_1' title="bbox 144 365 199 426">
    <p class='ocr_par' dir='ltr' id='par_1_1' title="bbox 144 365 199 426">
     <span class='ocr_line' id='line_1_1' title="bbox 144 365 199 426; baseline 0.036 -2"><span class='ocrx_word' id='word_1_1' title='bbox 144 365 199 426; x_wconf 74' lang='lat' dir='ltr'><strong>sis</strong></span> 
     </span>
    </p>
   </div>
   <div class='ocr_carea' id='block_1_2' title="bbox 688 370 1256 482">
    <p class='ocr_par' dir='ltr' id='par_1_2' title="bbox 688 370 1256 482">
     <span class='ocr_line' id='line_1_2' title="bbox 688 370 1256 482; baseline 0.021 -52"><span class='ocrx_word' id='word_1_2' title='bbox 688 370 869 432; x_wconf 67' lang='lat' dir='ltr'><strong>COMMENT.</strong></span> <span class='ocrx_word' id='word_1_3' title='bbox 890 376 927 434; x_wconf 90' lang='lat' dir='ltr'><strong>IN</strong></span> <span class='ocrx_word' id='word_1_4' title='bbox 944 376 1054 482; x_wconf 73' lang='lat' dir='ltr'><strong>El’IS&#39;l&#39;.</strong></span> <span class='ocrx_word' id='word_1_5' title='bbox 1074 382 1123 438; x_wconf 82' lang='lat' dir='ltr'><strong>AD</strong></span> <span class='ocrx_word' id='word_1_6' title='bbox 1137 380 1256 443; x_wconf 78' lang='lat' dir='ltr'><strong>uuum.</strong></span> 
     </span>
    </p>
   </div>
   <div class='ocr_carea' id='block_1_3' title="bbox 1744 396 1797 454">
    <p class='ocr_par' dir='ltr' id='par_1_3' title="bbox 1744 396 1797 454">
     <span class='ocr_line' id='line_1_3' title="bbox 1744 396 1797 454; baseline -0.038 0"><span class='ocrx_word' id='word_1_7' title='bbox 1744 396 1797 454; x_wconf 76' lang='grc'><strong>500</strong></span> 
     </span>
    </p>
   </div>
   <div class='ocr_carea' id='block_1_4' title="bbox 145 497 1799 595">
    <p class='ocr_par' dir='ltr' id='par_1_4' title="bbox 145 497 1799 595">
     <span class='ocr_line' id='line_1_4' title="bbox 145 497 1799 595; baseline 0.014 -38"><span class='ocrx_word' id='word_1_8' title='bbox 145 508 199 557; x_wconf 86' lang='lat' dir='ltr'><strong>tur.</strong></span> <span class='ocrx_word' id='word_1_9' title='bbox 215 523 225 547; x_wconf 83' lang='lat'><strong>·</strong></span> <span class='ocrx_word' id='word_1_10' title='bbox 243 497 322 556; x_wconf 89' lang='lat' dir='ltr'><strong>&#39;l&#39;afes</strong></span> <span class='ocrx_word' id='word_1_11' title='bbox 337 497 462 572; x_wconf 76' lang='lat' dir='ltr'><strong>precipit</strong></span> <span class='ocrx_word' id='word_1_12' title='bbox 476 515 535 558; x_wconf 87' lang='lat' dir='ltr'><strong>esse</strong></span> <span class='ocrx_word' id='word_1_13' title='bbox 548 503 679 574; x_wconf 75' lang='lat' dir='ltr'>seniores,</span> <span class='ocrx_word' id='word_1_14' title='bbox 703 513 735 562; x_wconf 92' lang='lat' dir='ltr'><strong>ut</strong></span> <span class='ocrx_word' id='word_1_15' title='bbox 749 509 877 580; x_wconf 85' lang='lat' dir='ltr'><strong>exemplo</strong></span> <span class='ocrx_word' id='word_1_16' title='bbox 886 509 943 566; x_wconf 90' lang='lat' dir='ltr'><strong>sint</strong></span> <span class='ocrx_word' id='word_1_17' title='bbox 960 512 985 572; x_wconf 84' lang='lat' dir='ltr'><strong>A</strong></span> <span class='ocrx_word' id='word_1_18' title='bbox 1039 511 1130 586; x_wconf 87' lang='lat' dir='ltr'><strong>(Vers.</strong></span> <span class='ocrx_word' id='word_1_19' title='bbox 1147 514 1190 583; x_wconf 77' lang='lat'><strong>13,</strong></span> <span class='ocrx_word' id='word_1_20' title='bbox 1208 513 1251 582; x_wconf 79' lang='lat' dir='ltr'><strong>ll,</strong></span> <span class='ocrx_word' id='word_1_21' title='bbox 1270 515 1327 587; x_wconf 77' lang='lat' dir='ltr'><strong>lb.)</strong></span> <span class='ocrx_word' id='word_1_22' title='bbox 1350 538 1360 564; x_wconf 83' lang='grc' dir='ltr'>ι</span> <span class='ocrx_word' id='word_1_23' title='bbox 1374 516 1570 589; x_wconf 84' lang='lat' dir='ltr'><strong>Exspectantes</strong></span> <span class='ocrx_word' id='word_1_24' title='bbox 1586 517 1696 577; x_wconf 82' lang='lat' dir='ltr'><strong>beatam</strong></span> <span class='ocrx_word' id='word_1_25' title='bbox 1712 538 1799 595; x_wconf 88' lang='lat' dir='ltr'><strong>spem,</strong></span> 
     </span>
    </p>
   </div>
   <div class='ocr_carea' id='block_1_5' title="bbox 140 588 947 932">
    <p class='ocr_par' dir='ltr' id='par_1_5' title="bbox 140 588 947 932">
     <span class='ocr_line' id='line_1_5' title="bbox 142 588 946 662; baseline 0.012 -18"><span class='ocrx_word' id='word_1_26' title='bbox 142 588 223 644; x_wconf 78' lang='lat' dir='ltr'><strong>bonae</strong></span> <span class='ocrx_word' id='word_1_27' title='bbox 247 588 468 646; x_wconf 81' lang='lat' dir='ltr'><strong>conversationis</strong></span> <span class='ocrx_word' id='word_1_28' title='bbox 490 589 668 662; x_wconf 88' lang='lat' dir='ltr'><strong>junioribus;</strong></span> <span class='ocrx_word' id='word_1_29' title='bbox 682 601 713 651; x_wconf 95' lang='grc' dir='ltr'><strong>ιιι</strong></span> <span class='ocrx_word' id='word_1_30' title='bbox 722 595 746 651; x_wconf 88' lang='lat' dir='ltr'><strong>si</strong></span> <span class='ocrx_word' id='word_1_31' title='bbox 759 595 884 654; x_wconf 82' lang='lat' dir='ltr'><strong>infideles</strong></span> <span class='ocrx_word' id='word_1_32' title='bbox 898 599 946 654; x_wconf 83' lang='lat' dir='ltr'><strong>vi-</strong></span> 
     </span>
     <span class='ocr_line' id='line_1_6' title="bbox 140 676 945 759; baseline 0.012 -26"><span class='ocrx_word' id='word_1_33' title='bbox 140 694 187 734; x_wconf 90' lang='lat' dir='ltr'><strong>ros</strong></span> <span class='ocrx_word' id='word_1_34' title='bbox 207 676 343 746; x_wconf 83' lang='lat' dir='ltr'><strong>habeant,</strong></span> <span class='ocrx_word' id='word_1_35' title='bbox 360 678 547 750; x_wconf 77' lang='lat' dir='ltr'><strong>congaudeant</strong></span> <span class='ocrx_word' id='word_1_36' title='bbox 562 681 601 737; x_wconf 90' lang='lat' dir='ltr'><strong>eis</strong></span> <span class='ocrx_word' id='word_1_37' title='bbox 614 684 709 756; x_wconf 78' lang='lat' dir='ltr'><strong>magis,</strong></span> <span class='ocrx_word' id='word_1_38' title='bbox 721 701 804 757; x_wconf 90' lang='lat' dir='ltr'><strong>quam</strong></span> <span class='ocrx_word' id='word_1_39' title='bbox 819 685 945 759; x_wconf 90' lang='lat' dir='ltr'><strong>blasphe-</strong></span> 
     </span>
     <span class='ocr_line' id='line_1_7' title="bbox 142 766 947 845; baseline 0.012 -24"><span class='ocrx_word' id='word_1_40' title='bbox 142 773 224 822; x_wconf 91' lang='lat' dir='ltr'><strong>ment</strong></span> <span class='ocrx_word' id='word_1_41' title='bbox 249 781 352 822; x_wconf 91' lang='lat' dir='ltr'><strong>nomen</strong></span> <span class='ocrx_word' id='word_1_42' title='bbox 369 767 429 835; x_wconf 87' lang='lat' dir='ltr'><strong>llei,</strong></span> <span class='ocrx_word' id='word_1_43' title='bbox 445 766 512 822; x_wconf 92' lang='lat' dir='ltr'><strong>dum</strong></span> <span class='ocrx_word' id='word_1_44' title='bbox 526 769 624 825; x_wconf 88' lang='lat' dir='ltr'><strong>vident</strong></span> <span class='ocrx_word' id='word_1_45' title='bbox 638 772 702 845; x_wconf 91' lang='lat' dir='ltr'><strong>quia</strong></span> <span class='ocrx_word' id='word_1_46' title='bbox 717 781 828 845; x_wconf 90' lang='lat' dir='ltr'><strong>propter</strong></span> <span class='ocrx_word' id='word_1_47' title='bbox 841 774 891 830; x_wconf 88' lang='lat' dir='ltr'><strong>Dei</strong></span> <span class='ocrx_word' id='word_1_48' title='bbox 906 774 947 829; x_wconf 93' lang='lat' dir='ltr'><strong>ti-</strong></span> 
     </span>
     <span class='ocr_line' id='line_1_8' title="bbox 141 855 803 932; baseline 0.009 -20"><span class='ocrx_word' id='word_1_49' title='bbox 141 871 255 912; x_wconf 84' lang='lat' dir='ltr'><strong>morem</strong></span> <span class='ocrx_word' id='word_1_50' title='bbox 276 855 436 928; x_wconf 83' lang='lat' dir='ltr'><strong>propensius</strong></span> <span class='ocrx_word' id='word_1_51' title='bbox 452 858 642 932; x_wconf 88' lang='lat' dir='ltr'><strong>obsequuntur</strong></span> <span class='ocrx_word' id='word_1_52' title='bbox 654 861 711 917; x_wconf 91' lang='lat' dir='ltr'><strong>suis</strong></span> <span class='ocrx_word' id='word_1_53' title='bbox 725 862 803 920; x_wconf 77' lang='lat' dir='ltr'><strong>viris.</strong></span> 
     </span>
    </p>
   </div>
   <div class='ocr_carea' id='block_1_6' title="bbox 141 963 947 1397">
    <p class='ocr_par' dir='ltr' id='par_1_6' title="bbox 141 963 947 1397">
     <span class='ocr_line' id='line_1_9' title="bbox 181 963 946 1037; baseline 0.007 -15"><span class='ocrx_word' id='word_1_54' title='bbox 181 964 274 1037; x_wconf 83' lang='lat' dir='ltr'><strong>(Vens.</strong></span> <span class='ocrx_word' id='word_1_55' title='bbox 289 965 317 1034; x_wconf 83' lang='lat'><strong>6,</strong></span> <span class='ocrx_word' id='word_1_56' title='bbox 335 963 361 1029; x_wconf 87' lang='lat'><strong>7,</strong></span> <span class='ocrx_word' id='word_1_57' title='bbox 376 963 417 1036; x_wconf 86' lang='grc'><strong>8.)</strong></span> <span class='ocrx_word' id='word_1_58' title='bbox 439 965 591 1023; x_wconf 84' lang='lat' dir='ltr'><strong>‹Junioras</strong></span> <span class='ocrx_word' id='word_1_59' title='bbox 605 967 735 1026; x_wconf 90' lang='lat' dir='ltr'><strong>similiter</strong></span> <span class='ocrx_word' id='word_1_60' title='bbox 749 969 858 1026; x_wconf 86' lang='lat' dir='ltr'><strong>hortare</strong></span> <span class='ocrx_word' id='word_1_61' title='bbox 874 987 946 1027; x_wconf 89' lang='lat' dir='ltr'><strong>con-</strong></span> 
     </span>
     <span class='ocr_line' id='line_1_10' title="bbox 141 1054 946 1132; baseline 0.009 -22"><span class='ocrx_word' id='word_1_62' title='bbox 141 1054 266 1110; x_wconf 89' lang='lat' dir='ltr'><strong>tinentes</strong></span> <span class='ocrx_word' id='word_1_63' title='bbox 302 1068 383 1122; x_wconf 87' lang='lat' dir='ltr'><strong>esse,</strong></span> <span class='ocrx_word' id='word_1_64' title='bbox 417 1070 466 1126; x_wconf 92' lang='lat' dir='ltr'><strong>per</strong></span> <span class='ocrx_word' id='word_1_65' title='bbox 493 1055 586 1112; x_wconf 89' lang='lat' dir='ltr'><strong>omnia</strong></span> <span class='ocrx_word' id='word_1_66' title='bbox 614 1058 791 1130; x_wconf 90' lang='lat' dir='ltr'><strong>temetipsum</strong></span> <span class='ocrx_word' id='word_1_67' title='bbox 821 1059 946 1132; x_wconf 75' lang='lat' dir='ltr'><strong>prebens</strong></span> 
     </span>
     <span class='ocr_line' id='line_1_11' title="bbox 141 1143 947 1218; baseline 0.01 -20"><span class='ocrx_word' id='word_1_68' title='bbox 141 1143 304 1216; x_wconf 75' lang='lat' dir='ltr'><strong>exemplum</strong></span> <span class='ocrx_word' id='word_1_69' title='bbox 327 1143 465 1201; x_wconf 89' lang='lat' dir='ltr'><strong>bonorum</strong></span> <span class='ocrx_word' id='word_1_70' title='bbox 488 1162 612 1218; x_wconf 83' lang='lat' dir='ltr'><strong>operum,</strong></span> <span class='ocrx_word' id='word_1_71' title='bbox 629 1147 657 1202; x_wconf 96' lang='lat' dir='ltr'><strong>in</strong></span> <span class='ocrx_word' id='word_1_72' title='bbox 673 1146 809 1216; x_wconf 89' lang='lat' dir='ltr'><strong>doctrina,</strong></span> <span class='ocrx_word' id='word_1_73' title='bbox 824 1148 854 1204; x_wconf 92' lang='lat' dir='ltr'><strong>in</strong></span> <span class='ocrx_word' id='word_1_74' title='bbox 869 1149 947 1206; x_wconf 89' lang='lat' dir='ltr'><strong>inta-</strong></span> 
     </span>
     <span class='ocr_line' id='line_1_12' title="bbox 144 1231 946 1310; baseline 0.01 -23"><span class='ocrx_word' id='word_1_75' title='bbox 144 1232 259 1304; x_wconf 79' lang='lat' dir='ltr'><strong>gritata,</strong></span> <span class='ocrx_word' id='word_1_76' title='bbox 277 1231 307 1288; x_wconf 92' lang='lat' dir='ltr'><strong>in</strong></span> <span class='ocrx_word' id='word_1_77' title='bbox 322 1233 468 1304; x_wconf 74' lang='lat' dir='ltr'><strong>gravitate,</strong></span> <span class='ocrx_word' id='word_1_78' title='bbox 487 1235 603 1292; x_wconf 89' lang='lat' dir='ltr'><strong>verbum</strong></span> <span class='ocrx_word' id='word_1_79' title='bbox 618 1251 727 1306; x_wconf 91' lang='lat' dir='ltr'><strong>sanum,</strong></span> <span class='ocrx_word' id='word_1_80' title='bbox 742 1237 946 1310; x_wconf 89' lang='lat' dir='ltr'><strong>irreprehensi-</strong></span> 
     </span>
     <span class='ocr_line' id='line_1_13' title="bbox 144 1321 945 1397; baseline 0.007 -19"><span class='ocrx_word' id='word_1_81' title='bbox 144 1321 221 1390; x_wconf 90' lang='lat' dir='ltr'><strong>bile;</strong></span> <span class='ocrx_word' id='word_1_82' title='bbox 248 1330 279 1379; x_wconf 90' lang='lat' dir='ltr'><strong>ut</strong></span> <span class='ocrx_word' id='word_1_83' title='bbox 292 1322 316 1380; x_wconf 93' lang='lat' dir='ltr'><strong>is</strong></span> <span class='ocrx_word' id='word_1_84' title='bbox 334 1323 413 1396; x_wconf 87' lang='lat' dir='ltr'><strong>quie</strong></span> <span class='ocrx_word' id='word_1_85' title='bbox 431 1325 542 1383; x_wconf 88' lang='lat' dir='ltr'><strong>diverso</strong></span> <span class='ocrx_word' id='word_1_86' title='bbox 555 1335 606 1396; x_wconf 84' lang='lat' dir='ltr'><strong>est,</strong></span> <span class='ocrx_word' id='word_1_87' title='bbox 621 1335 791 1397; x_wconf 85' lang='lat' dir='ltr'><strong>revereatur,</strong></span> <span class='ocrx_word' id='word_1_88' title='bbox 806 1327 879 1384; x_wconf 89' lang='lat' dir='ltr'><strong>nihil</strong></span> <span class='ocrx_word' id='word_1_89' title='bbox 899 1327 945 1384; x_wconf 91' lang='lat' dir='ltr'><strong>ha·</strong></span> 
     </span>
    </p>
   </div>
   <div class='ocr_carea' id='block_1_7' title="bbox 1000 605 1801 1412">
    <p class='ocr_par' dir='ltr' id='par_1_7' title="bbox 1000 605 1801 1412">
     <span class='ocr_line' id='line_1_14' title="bbox 1000 605 1800 683; baseline 0.013 -21"><span class='ocrx_word' id='word_1_90' title='bbox 1000 612 1029 662; x_wconf 88' lang='lat' dir='ltr'><strong>et</strong></span> <span class='ocrx_word' id='word_1_91' title='bbox 1055 605 1205 663; x_wconf 90' lang='lat' dir='ltr'><strong>adventum</strong></span> <span class='ocrx_word' id='word_1_92' title='bbox 1234 607 1330 679; x_wconf 71' lang='lat' dir='ltr'><strong>glorias</strong></span> <span class='ocrx_word' id='word_1_93' title='bbox 1352 607 1424 664; x_wconf 90' lang='lat' dir='ltr'><strong>beati</strong></span> <span class='ocrx_word' id='word_1_94' title='bbox 1448 610 1499 666; x_wconf 88' lang='lat' dir='ltr'><strong>Dei</strong></span> <span class='ocrx_word' id='word_1_95' title='bbox 1522 611 1591 683; x_wconf 83' lang='lat'><strong>(91),</strong></span> <span class='ocrx_word' id='word_1_96' title='bbox 1608 622 1635 669; x_wconf 91' lang='lat' dir='ltr'><strong>et</strong></span> <span class='ocrx_word' id='word_1_97' title='bbox 1649 613 1800 672; x_wconf 81' lang='lat' dir='ltr'><strong>salvatoris</strong></span> 
     </span>
     <span class='ocr_line' id='line_1_15' title="bbox 1001 695 1799 776; baseline 0.015 -26"><span class='ocrx_word' id='word_1_98' title='bbox 1001 695 1088 750; x_wconf 89' lang='lat' dir='ltr'><strong>nostri</strong></span> <span class='ocrx_word' id='word_1_99' title='bbox 1105 695 1169 750; x_wconf 85' lang='lat' dir='ltr'><strong>Jesu</strong></span> <span class='ocrx_word' id='word_1_100' title='bbox 1186 695 1300 762; x_wconf 86' lang='lat' dir='ltr'><strong>Christi,</strong></span> <span class='ocrx_word' id='word_1_101' title='bbox 1311 695 1358 768; x_wconf 91' lang='lat' dir='ltr'><strong>qui</strong></span> <span class='ocrx_word' id='word_1_102' title='bbox 1373 697 1449 755; x_wconf 88' lang='lat' dir='ltr'><strong>dedit</strong></span> <span class='ocrx_word' id='word_1_103' title='bbox 1460 703 1637 774; x_wconf 88' lang='lat' dir='ltr'><strong>semetipsum</strong></span> <span class='ocrx_word' id='word_1_104' title='bbox 1649 721 1698 775; x_wconf 93' lang='lat' dir='ltr'><strong>pro</strong></span> <span class='ocrx_word' id='word_1_105' title='bbox 1709 706 1799 776; x_wconf 92' lang='lat' dir='ltr'><strong>nobis,</strong></span> 
     </span>
     <span class='ocr_line' id='line_1_16' title="bbox 1000 785 1801 864; baseline 0.014 -22"><span class='ocrx_word' id='word_1_106' title='bbox 1000 794 1031 842; x_wconf 90' lang='lat' dir='ltr'><strong>ut</strong></span> <span class='ocrx_word' id='word_1_107' title='bbox 1056 785 1205 843; x_wconf 88' lang='lat' dir='ltr'><strong>redimeret</strong></span> <span class='ocrx_word' id='word_1_108' title='bbox 1220 803 1270 844; x_wconf 90' lang='lat' dir='ltr'><strong>nos</strong></span> <span class='ocrx_word' id='word_1_109' title='bbox 1284 787 1318 844; x_wconf 91' lang='lat' dir='ltr'><strong>ab</strong></span> <span class='ocrx_word' id='word_1_110' title='bbox 1332 789 1409 845; x_wconf 90' lang='lat' dir='ltr'><strong>omni</strong></span> <span class='ocrx_word' id='word_1_111' title='bbox 1425 790 1582 864; x_wconf 88' lang='lat' dir='ltr'><strong>iniquitate,</strong></span> <span class='ocrx_word' id='word_1_112' title='bbox 1598 801 1624 851; x_wconf 89' lang='lat' dir='ltr'><strong>et</strong></span> <span class='ocrx_word' id='word_1_113' title='bbox 1638 797 1801 853; x_wconf 89' lang='lat' dir='ltr'><strong>emundaret</strong></span> 
     </span>
     <span class='ocr_line' id='line_1_17' title="bbox 1000 875 1799 948; baseline 0.018 -18"><span class='ocrx_word' id='word_1_114' title='bbox 1000 875 1053 932; x_wconf 93' lang='lat' dir='ltr'><strong>sibi</strong></span> <span class='ocrx_word' id='word_1_115' title='bbox 1069 875 1214 947; x_wconf 62' lang='lat' dir='ltr'><strong>{populum</strong></span> <span class='ocrx_word' id='word_1_116' title='bbox 1239 875 1436 948; x_wconf 87' lang='lat' dir='ltr'><strong>abundantem,</strong></span> <span class='ocrx_word' id='word_1_117' title='bbox 1461 882 1649 942; x_wconf 70' lang='lat' dir='ltr'><strong>aemulatorem</strong></span> <span class='ocrx_word' id='word_1_118' title='bbox 1663 887 1799 944; x_wconf 90' lang='lat' dir='ltr'><strong>bonorum</strong></span> 
     </span>
     <span class='ocr_line' id='line_1_18' title="bbox 1000 970 1797 1047; baseline 0.016 -23"><span class='ocrx_word' id='word_1_119' title='bbox 1000 985 1139 1041; x_wconf 81' lang='lat' dir='ltr'><strong>operum.»</strong></span> <span class='ocrx_word' id='word_1_120' title='bbox 1160 970 1236 1027; x_wconf 81' lang='lat' dir='ltr'><strong>lianc</strong></span> <span class='ocrx_word' id='word_1_121' title='bbox 1251 988 1308 1028; x_wconf 87' lang='lat' dir='ltr'><strong>esse</strong></span> <span class='ocrx_word' id='word_1_122' title='bbox 1319 972 1389 1030; x_wconf 85' lang='lat' dir='ltr'><strong>dicit</strong></span> <span class='ocrx_word' id='word_1_123' title='bbox 1402 973 1508 1030; x_wconf 91' lang='lat' dir='ltr'><strong>beatam</strong></span> <span class='ocrx_word' id='word_1_124' title='bbox 1524 991 1600 1047; x_wconf 91' lang='lat' dir='ltr'><strong>spem</strong></span> <span class='ocrx_word' id='word_1_125' title='bbox 1615 977 1797 1037; x_wconf 89' lang='lat' dir='ltr'><strong>credentium:</strong></span> 
     </span>
     <span class='ocr_line' id='line_1_19' title="bbox 1000 1058 1799 1142; baseline 0.018 -30"><span class='ocrx_word' id='word_1_126' title='bbox 1000 1058 1049 1130; x_wconf 93' lang='lat' dir='ltr'><strong>qui</strong></span> <span class='ocrx_word' id='word_1_127' title='bbox 1072 1067 1232 1132; x_wconf 85' lang='lat' dir='ltr'><strong>exspectant</strong></span> <span class='ocrx_word' id='word_1_128' title='bbox 1256 1061 1404 1119; x_wconf 88' lang='lat' dir='ltr'><strong>adventum</strong></span> <span class='ocrx_word' id='word_1_129' title='bbox 1427 1065 1520 1135; x_wconf 77' lang='lat' dir='ltr'><strong>gloria</strong></span> <span class='ocrx_word' id='word_1_130' title='bbox 1542 1067 1633 1139; x_wconf 84' lang='lat' dir='ltr'><strong>magni</strong></span> <span class='ocrx_word' id='word_1_131' title='bbox 1648 1069 1709 1138; x_wconf 87' lang='lat' dir='ltr'><strong>Dei,</strong></span> <span class='ocrx_word' id='word_1_132' title='bbox 1725 1071 1799 1142; x_wconf 91' lang='lat' dir='ltr'><strong>quod</strong></span> 
     </span>
     <span class='ocr_line' id='line_1_20' title="bbox 1000 1151 1799 1229; baseline 0.013 -23"><span class='ocrx_word' id='word_1_133' title='bbox 1000 1152 1116 1207; x_wconf 89' lang='lat' dir='ltr'><strong>revelari</strong></span> <span class='ocrx_word' id='word_1_134' title='bbox 1141 1151 1234 1221; x_wconf 88' lang='lat' dir='ltr'><strong>habet,</strong></span> <span class='ocrx_word' id='word_1_135' title='bbox 1254 1151 1349 1225; x_wconf 87' lang='lat' dir='ltr'><strong>judice</strong></span> <span class='ocrx_word' id='word_1_136' title='bbox 1374 1152 1496 1223; x_wconf 89' lang='lat' dir='ltr'><strong>Christo,</strong></span> <span class='ocrx_word' id='word_1_137' title='bbox 1523 1157 1553 1211; x_wconf 94' lang='lat' dir='ltr'><strong>in</strong></span> <span class='ocrx_word' id='word_1_138' title='bbox 1577 1173 1631 1229; x_wconf 93' lang='lat' dir='ltr'><strong>quo</strong></span> <span class='ocrx_word' id='word_1_139' title='bbox 1645 1158 1799 1216; x_wconf 81' lang='lat' dir='ltr'><strong>llei&#39;Patris</strong></span> 
     </span>
     <span class='ocr_line' id='line_1_21' title="bbox 1000 1240 1798 1321; baseline 0.016 -26"><span class='ocrx_word' id='word_1_140' title='bbox 1000 1240 1143 1299; x_wconf 88' lang='lat' dir='ltr'><strong>videbitur</strong></span> <span class='ocrx_word' id='word_1_141' title='bbox 1154 1251 1273 1314; x_wconf 89' lang='lat' dir='ltr'><strong>potestas</strong></span> <span class='ocrx_word' id='word_1_142' title='bbox 1287 1253 1314 1302; x_wconf 89' lang='lat' dir='ltr'><strong>et</strong></span> <span class='ocrx_word' id='word_1_143' title='bbox 1328 1245 1432 1318; x_wconf 78' lang='lat' dir='ltr'><strong>gloria;</strong></span> <span class='ocrx_word' id='word_1_144' title='bbox 1450 1254 1481 1303; x_wconf 91' lang='lat' dir='ltr'><strong>nt</strong></span> <span class='ocrx_word' id='word_1_145' title='bbox 1500 1247 1564 1304; x_wconf 91' lang='lat' dir='ltr'><strong>fidei</strong></span> <span class='ocrx_word' id='word_1_146' title='bbox 1584 1265 1640 1305; x_wconf 85' lang='lat' dir='ltr'><strong>suaa</strong></span> <span class='ocrx_word' id='word_1_147' title='bbox 1654 1251 1798 1321; x_wconf 89' lang='lat' dir='ltr'><strong>praemium</strong></span> 
     </span>
     <span class='ocr_line' id='line_1_22' title="bbox 1000 1335 1798 1412; baseline 0.013 -23"><span class='ocrx_word' id='word_1_148' title='bbox 1000 1340 1214 1407; x_wconf 88' lang='lat' dir='ltr'><strong>consequantur.</strong></span> <span class='ocrx_word' id='word_1_149' title='bbox 1241 1335 1286 1392; x_wconf 86' lang='lat' dir='ltr'><strong>Ad</strong></span> <span class='ocrx_word' id='word_1_150' title='bbox 1303 1335 1356 1393; x_wconf 89' lang='lat' dir='ltr'><strong>hoc</strong></span> <span class='ocrx_word' id='word_1_151' title='bbox 1378 1337 1452 1394; x_wconf 90' lang='lat' dir='ltr'><strong>enim</strong></span> <span class='ocrx_word' id='word_1_152' title='bbox 1468 1338 1586 1397; x_wconf 89' lang='lat' dir='ltr'><strong>redemit</strong></span> <span class='ocrx_word' id='word_1_153' title='bbox 1600 1356 1650 1397; x_wconf 92' lang='lat' dir='ltr'><strong>nos</strong></span> <span class='ocrx_word' id='word_1_154' title='bbox 1663 1341 1798 1412; x_wconf 88' lang='lat' dir='ltr'><strong>Christus,</strong></span> 
     </span>
    </p>
   </div>
   <div class='ocr_carea' id='block_1_8' title="bbox 137 1413 1801 1854">
    <p class='ocr_par' dir='ltr' id='par_1_8' title="bbox 138 1413 1801 1763">
     <span class='ocr_line' id='line_1_23' title="bbox 148 1413 1798 1503; baseline 0.013 -35"><span class='ocrx_word' id='word_1_155' title='bbox 148 1413 216 1468; x_wconf 91' lang='lat' dir='ltr'><strong>bens</strong></span> <span class='ocrx_word' id='word_1_156' title='bbox 229 1413 322 1470; x_wconf 86' lang='lat' dir='ltr'><strong>dicere</strong></span> <span class='ocrx_word' id='word_1_157' title='bbox 337 1414 371 1470; x_wconf 88' lang='lat' dir='ltr'><strong>de</strong></span> <span class='ocrx_word' id='word_1_158' title='bbox 386 1413 467 1470; x_wconf 89' lang='lat' dir='ltr'><strong>nobis</strong></span> <span class='ocrx_word' id='word_1_159' title='bbox 480 1413 594 1488; x_wconf 80' lang='lat' dir='ltr'><strong>dignum</strong></span> <span class='ocrx_word' id='word_1_160' title='bbox 609 1416 851 1490; x_wconf 79' lang='lat' dir='ltr'><strong>reprehensione.»</strong></span> <span class='ocrx_word' id='word_1_161' title='bbox 874 1416 945 1484; x_wconf 87' lang='lat' dir='ltr'><strong>Quo·</strong></span> <span class='ocrx_word' id='word_1_162' title='bbox 1000 1430 1042 1491; x_wconf 89' lang='grc' dir='ltr'>ιιι,</span> <span class='ocrx_word' id='word_1_163' title='bbox 1070 1440 1166 1495; x_wconf 89' lang='lat' dir='ltr'><strong>puram</strong></span> <span class='ocrx_word' id='word_1_164' title='bbox 1190 1423 1277 1481; x_wconf 89' lang='lat' dir='ltr'><strong>vitam</strong></span> <span class='ocrx_word' id='word_1_165' title='bbox 1292 1434 1436 1495; x_wconf 89' lang='lat' dir='ltr'><strong>sectantes,</strong></span> <span class='ocrx_word' id='word_1_166' title='bbox 1452 1429 1550 1501; x_wconf 88' lang='lat' dir='ltr'><strong>repleti</strong></span> <span class='ocrx_word' id='word_1_167' title='bbox 1565 1431 1694 1503; x_wconf 90' lang='lat' dir='ltr'><strong>operibus</strong></span> <span class='ocrx_word' id='word_1_168' title='bbox 1708 1431 1798 1502; x_wconf 88' lang='lat' dir='ltr'><strong>bonis,</strong></span> 
     </span>
     <span class='ocr_line' id='line_1_24' title="bbox 141 1507 1801 1594; baseline 0.009 -30"><span class='ocrx_word' id='word_1_169' title='bbox 141 1507 218 1564; x_wconf 89' lang='lat' dir='ltr'><strong>niam</strong></span> <span class='ocrx_word' id='word_1_170' title='bbox 231 1507 370 1580; x_wconf 86' lang='lat' dir='ltr'><strong>juventus</strong></span> <span class='ocrx_word' id='word_1_171' title='bbox 386 1509 456 1566; x_wconf 89' lang='lat' dir='ltr'><strong>solet</strong></span> <span class='ocrx_word' id='word_1_172' title='bbox 476 1507 591 1566; x_wconf 88' lang='lat' dir='ltr'><strong>modum</strong></span> <span class='ocrx_word' id='word_1_173' title='bbox 606 1510 708 1584; x_wconf 80' lang='lat' dir='ltr'><strong>egredi,</strong></span> <span class='ocrx_word' id='word_1_174' title='bbox 725 1511 782 1568; x_wconf 91' lang='lat' dir='ltr'><strong>imo</strong></span> <span class='ocrx_word' id='word_1_175' title='bbox 792 1513 947 1584; x_wconf 89' lang='lat' dir='ltr'><strong>promptior</strong></span> <span class='ocrx_word' id='word_1_176' title='bbox 1001 1511 1078 1583; x_wconf 84' lang='lat' dir='ltr'><strong>regni</strong></span> <span class='ocrx_word' id='word_1_177' title='bbox 1094 1512 1145 1567; x_wconf 87' lang='lat' dir='ltr'><strong>Dei</strong></span> <span class='ocrx_word' id='word_1_178' title='bbox 1160 1511 1282 1570; x_wconf 84' lang='lat' dir='ltr'><strong>haeredes</strong></span> <span class='ocrx_word' id='word_1_179' title='bbox 1296 1531 1354 1572; x_wconf 85' lang='lat' dir='ltr'><strong>esse</strong></span> <span class='ocrx_word' id='word_1_180' title='bbox 1374 1517 1521 1588; x_wconf 89' lang='lat' dir='ltr'><strong>possimus.</strong></span> <span class='ocrx_word' id='word_1_181' title='bbox 1546 1519 1635 1578; x_wconf 83' lang='lat' dir='ltr'><strong>‹Haec</strong></span> <span class='ocrx_word' id='word_1_182' title='bbox 1652 1522 1763 1594; x_wconf 89' lang='lat' dir='ltr'><strong>loquere</strong></span> <span class='ocrx_word' id='word_1_183' title='bbox 1773 1531 1801 1579; x_wconf 95' lang='lat' dir='ltr'><strong>et</strong></span> 
     </span>
     <span class='ocr_line' id='line_1_25' title="bbox 138 1596 1799 1684; baseline 0.011 -30"><span class='ocrx_word' id='word_1_184' title='bbox 138 1613 197 1654; x_wconf 73' lang='lat' dir='ltr'><strong>essa</strong></span> <span class='ocrx_word' id='word_1_185' title='bbox 214 1596 251 1654; x_wconf 90' lang='lat' dir='ltr'><strong>ad</strong></span> <span class='ocrx_word' id='word_1_186' title='bbox 268 1599 386 1672; x_wconf 89' lang='lat' dir='ltr'><strong>lapsum,</strong></span> <span class='ocrx_word' id='word_1_187' title='bbox 407 1597 511 1656; x_wconf 88' lang='lat' dir='ltr'><strong>idcirco</strong></span> <span class='ocrx_word' id='word_1_188' title='bbox 526 1599 683 1657; x_wconf 87' lang='lat' dir='ltr'><strong>salubribus</strong></span> <span class='ocrx_word' id='word_1_189' title='bbox 698 1601 860 1660; x_wconf 90' lang='lat' dir='ltr'><strong>retinaculis</strong></span> <span class='ocrx_word' id='word_1_190' title='bbox 874 1617 935 1658; x_wconf 88' lang='lat' dir='ltr'><strong>con·</strong></span> <span class='ocrx_word' id='word_1_191' title='bbox 1001 1599 1157 1669; x_wconf 80' lang='lat' dir='ltr'><strong>exhortare,</strong></span> <span class='ocrx_word' id='word_1_192' title='bbox 1188 1610 1216 1659; x_wconf 89' lang='lat' dir='ltr'><strong>et</strong></span> <span class='ocrx_word' id='word_1_193' title='bbox 1236 1619 1318 1677; x_wconf 80' lang='lat' dir='ltr'><strong>arque</strong></span> <span class='ocrx_word' id='word_1_194' title='bbox 1342 1623 1406 1665; x_wconf 92' lang='lat' dir='ltr'><strong>cum</strong></span> <span class='ocrx_word' id='word_1_195' title='bbox 1430 1609 1507 1666; x_wconf 92' lang='lat' dir='ltr'><strong>omni</strong></span> <span class='ocrx_word' id='word_1_196' title='bbox 1526 1611 1655 1684; x_wconf 89' lang='lat' dir='ltr'><strong>imperio.</strong></span> <span class='ocrx_word' id='word_1_197' title='bbox 1675 1613 1799 1672; x_wconf 87' lang='lat' dir='ltr'><strong>Nemota</strong></span> 
     </span>
     <span class='ocr_line' id='line_1_26' title="bbox 139 1685 1194 1763; baseline 0.007 -19"><span class='ocrx_word' id='word_1_198' title='bbox 139 1686 226 1744; x_wconf 88' lang='lat' dir='ltr'><strong>tineri</strong></span> <span class='ocrx_word' id='word_1_199' title='bbox 235 1685 362 1759; x_wconf 86' lang='lat' dir='ltr'><strong>jubetur,</strong></span> <span class='ocrx_word' id='word_1_200' title='bbox 377 1695 407 1743; x_wconf 90' lang='lat' dir='ltr'><strong>ut</strong></span> <span class='ocrx_word' id='word_1_201' title='bbox 417 1687 556 1746; x_wconf 87' lang='lat' dir='ltr'><strong>infrenata</strong></span> <span class='ocrx_word' id='word_1_202' title='bbox 569 1688 675 1747; x_wconf 90' lang='lat' dir='ltr'><strong>divinis</strong></span> <span class='ocrx_word' id='word_1_203' title='bbox 691 1689 796 1763; x_wconf 81' lang='lat' dir='ltr'><strong>legibus</strong></span> <span class='ocrx_word' id='word_1_204' title='bbox 806 1689 946 1763; x_wconf 76' lang='lat' dir='ltr'><strong>guberne·</strong></span> <span class='ocrx_word' id='word_1_205' title='bbox 1000 1701 1169 1751; x_wconf 89' lang='lat' dir='ltr'><strong>contemnat.</strong></span> <span class='ocrx_word' id='word_1_206' title='bbox 1185 1719 1194 1742; x_wconf 77' lang='grc' dir='ltr'>ι</span> 
     </span>
    </p>

    <p class='ocr_par' dir='ltr' id='par_1_9' title="bbox 137 1774 1490 1854">
     <span class='ocr_line' id='line_1_27' title="bbox 137 1774 1490 1854; baseline 0.007 -22"><span class='ocrx_word' id='word_1_207' title='bbox 137 1784 196 1832; x_wconf 91' lang='lat' dir='ltr'><strong>tur.</strong></span> <span class='ocrx_word' id='word_1_208' title='bbox 230 1774 311 1843; x_wconf 83' lang='lat' dir='ltr'><strong>Quod</strong></span> <span class='ocrx_word' id='word_1_209' title='bbox 340 1783 372 1832; x_wconf 89' lang='lat' dir='ltr'><strong>ut</strong></span> <span class='ocrx_word' id='word_1_210' title='bbox 394 1775 466 1834; x_wconf 89' lang='lat' dir='ltr'><strong>effici</strong></span> <span class='ocrx_word' id='word_1_211' title='bbox 489 1793 545 1834; x_wconf 91' lang='lat' dir='ltr'><strong>non</strong></span> <span class='ocrx_word' id='word_1_212' title='bbox 570 1779 607 1835; x_wconf 94' lang='lat' dir='ltr'><strong>sit</strong></span> <span class='ocrx_word' id='word_1_213' title='bbox 628 1778 745 1835; x_wconf 87' lang='lat' dir='ltr'><strong>arduum</strong></span> <span class='ocrx_word' id='word_1_214' title='bbox 757 1785 806 1835; x_wconf 89' lang='lat' dir='ltr'><strong>aut</strong></span> <span class='ocrx_word' id='word_1_215' title='bbox 821 1778 944 1848; x_wconf 89' lang='lat' dir='ltr'><strong>difficile,</strong></span> <span class='ocrx_word' id='word_1_216' title='bbox 1312 1793 1429 1854; x_wconf 69' lang='lat' dir='ltr'>CAPUT</span> <span class='ocrx_word' id='word_1_217' title='bbox 1443 1797 1490 1854; x_wconf 73' lang='lat'><strong>111,</strong></span> 
     </span>
    </p>
   </div>
   <div class='ocr_carea' id='block_1_9' title="bbox 139 1864 1800 1962">
    <p class='ocr_par' dir='ltr' id='par_1_10' title="bbox 139 1864 1800 1962">
     <span class='ocr_line' id='line_1_28' title="bbox 139 1864 1800 1962; baseline 0.014 -43"><span class='ocrx_word' id='word_1_218' title='bbox 139 1864 309 1937; x_wconf 74' lang='lat' dir='ltr'><strong>magistrum</strong></span> <span class='ocrx_word' id='word_1_219' title='bbox 323 1864 440 1922; x_wconf 90' lang='lat' dir='ltr'><strong>formam</strong></span> <span class='ocrx_word' id='word_1_220' title='bbox 453 1882 512 1923; x_wconf 91' lang='lat' dir='ltr'><strong>esse</strong></span> <span class='ocrx_word' id='word_1_221' title='bbox 531 1867 717 1940; x_wconf 86' lang='lat' dir='ltr'><strong>praecipit;ut</strong></span> <span class='ocrx_word' id='word_1_222' title='bbox 732 1883 763 1924; x_wconf 90' lang='lat' dir='ltr'><strong>ea</strong></span> <span class='ocrx_word' id='word_1_223' title='bbox 778 1883 837 1940; x_wconf 86' lang='lat' dir='ltr'><strong>quae</strong></span> <span class='ocrx_word' id='word_1_224' title='bbox 851 1867 981 1938; x_wconf 89' lang='lat' dir='ltr'><strong>docet,B</strong></span> <span class='ocrx_word' id='word_1_225' title='bbox 1034 1881 1126 1949; x_wconf 74' lang='lat' dir='ltr'><strong>(vers,</strong></span> <span class='ocrx_word' id='word_1_226' title='bbox 1163 1883 1203 1955; x_wconf 71' lang='grc' dir='ltr'>ι.)</span> <span class='ocrx_word' id='word_1_227' title='bbox 1249 1907 1259 1931; x_wconf 67' lang='lat' dir='ltr'><strong>a</strong></span> <span class='ocrx_word' id='word_1_228' title='bbox 1294 1883 1420 1944; x_wconf 70' lang='lat' dir='ltr'><strong>Admone</strong></span> <span class='ocrx_word' id='word_1_229' title='bbox 1450 1887 1514 1944; x_wconf 79' lang='lat' dir='ltr'><strong>illos</strong></span> <span class='ocrx_word' id='word_1_230' title='bbox 1545 1889 1746 1962; x_wconf 75' lang='lat' dir='ltr'><strong>principatibus</strong></span> <span class='ocrx_word' id='word_1_231' title='bbox 1772 1901 1800 1950; x_wconf 75' lang='lat' dir='ltr'><strong>et</strong></span> 
     </span>
    </p>
   </div>
   <div class='ocr_carea' id='block_1_10' title="bbox 142 1951 945 2028">
    <p class='ocr_par' dir='ltr' id='par_1_11' title="bbox 142 1951 945 2028">
     <span class='ocr_line' id='line_1_29' title="bbox 142 1951 945 2028; baseline 0.005 -19"><span class='ocrx_word' id='word_1_232' title='bbox 142 1952 287 2028; x_wconf 89' lang='lat' dir='ltr'><strong>quomodo</strong></span> <span class='ocrx_word' id='word_1_233' title='bbox 301 1951 377 2022; x_wconf 88' lang='lat' dir='ltr'><strong>fiant,</strong></span> <span class='ocrx_word' id='word_1_234' title='bbox 392 1953 537 2012; x_wconf 89' lang='lat' dir='ltr'><strong>ostendat:</strong></span> <span class='ocrx_word' id='word_1_235' title='bbox 554 1963 586 2011; x_wconf 90' lang='lat' dir='ltr'><strong>ut</strong></span> <span class='ocrx_word' id='word_1_236' title='bbox 601 1955 621 2010; x_wconf 89' lang='lat' dir='ltr'><strong>ii</strong></span> <span class='ocrx_word' id='word_1_237' title='bbox 636 1955 684 2028; x_wconf 92' lang='lat' dir='ltr'><strong>qui</strong></span> <span class='ocrx_word' id='word_1_238' title='bbox 700 1954 808 2028; x_wconf 87' lang='lat' dir='ltr'><strong>profani</strong></span> <span class='ocrx_word' id='word_1_239' title='bbox 827 1963 903 2024; x_wconf 89' lang='lat' dir='ltr'><strong>sunt,</strong></span> <span class='ocrx_word' id='word_1_240' title='bbox 918 1964 945 2014; x_wconf 91' lang='lat' dir='ltr'><strong>et</strong></span> 
     </span>
    </p>
   </div>
   <div class='ocr_carea' id='block_1_11' title="bbox 141 2051 945 2213">
    <p class='ocr_par' dir='ltr' id='par_1_12' title="bbox 141 2051 945 2213">
     <span class='ocr_line' id='line_1_30' title="bbox 143 2051 945 2128; baseline 0.002 -18"><span class='ocrx_word' id='word_1_241' title='bbox 143 2051 256 2110; x_wconf 89' lang='lat' dir='ltr'><strong>inimici</strong></span> <span class='ocrx_word' id='word_1_242' title='bbox 276 2051 350 2121; x_wconf 87' lang='lat' dir='ltr'><strong>fidei,</strong></span> <span class='ocrx_word' id='word_1_243' title='bbox 366 2052 539 2121; x_wconf 88' lang='lat' dir='ltr'><strong>erubescant,</strong></span> <span class='ocrx_word' id='word_1_244' title='bbox 557 2052 683 2112; x_wconf 89' lang='lat' dir='ltr'><strong>videntes</strong></span> <span class='ocrx_word' id='word_1_245' title='bbox 699 2053 765 2128; x_wconf 90' lang='lat' dir='ltr'><strong>quia</strong></span> <span class='ocrx_word' id='word_1_246' title='bbox 778 2070 838 2128; x_wconf 90' lang='lat' dir='ltr'><strong>quaa</strong></span> <span class='ocrx_word' id='word_1_247' title='bbox 853 2054 945 2112; x_wconf 88' lang='lat' dir='ltr'><strong>verbis</strong></span> 
     </span>
     <span class='ocr_line' id='line_1_31' title="bbox 141 2141 607 2213; baseline 0 -14"><span class='ocrx_word' id='word_1_248' title='bbox 141 2141 235 2210; x_wconf 85' lang='lat' dir='ltr'><strong>docet,</strong></span> <span class='ocrx_word' id='word_1_249' title='bbox 249 2157 314 2198; x_wconf 89' lang='lat' dir='ltr'><strong>vera</strong></span> <span class='ocrx_word' id='word_1_250' title='bbox 328 2157 387 2198; x_wconf 88' lang='lat' dir='ltr'><strong>esse</strong></span> <span class='ocrx_word' id='word_1_251' title='bbox 403 2142 501 2213; x_wconf 92' lang='lat' dir='ltr'><strong>probat</strong></span> <span class='ocrx_word' id='word_1_252' title='bbox 515 2141 607 2199; x_wconf 88' lang='lat' dir='ltr'><strong>factis.</strong></span> 
     </span>
    </p>
   </div>
   <div class='ocr_carea' id='block_1_12' title="bbox 139 2247 945 3034">
    <p class='ocr_par' dir='ltr' id='par_1_13' title="bbox 139 2247 945 3034">
     <span class='ocr_line' id='line_1_32' title="bbox 179 2247 945 2322; baseline 0.003 -17"><span class='ocrx_word' id='word_1_253' title='bbox 179 2248 274 2322; x_wconf 84' lang='lat' dir='ltr'><strong>(Vens.</strong></span> <span class='ocrx_word' id='word_1_254' title='bbox 291 2247 319 2315; x_wconf 87' lang='lat'><strong>9,</strong></span> <span class='ocrx_word' id='word_1_255' title='bbox 337 2247 396 2318; x_wconf 85' lang='lat' dir='ltr'><strong>lo.)</strong></span> <span class='ocrx_word' id='word_1_256' title='bbox 412 2247 531 2306; x_wconf 76' lang='lat' dir='ltr'><strong>«Samos</strong></span> <span class='ocrx_word' id='word_1_257' title='bbox 545 2247 668 2306; x_wconf 89' lang='lat' dir='ltr'><strong>dominis</strong></span> <span class='ocrx_word' id='word_1_258' title='bbox 682 2248 740 2305; x_wconf 91' lang='lat' dir='ltr'><strong>suis</strong></span> <span class='ocrx_word' id='word_1_259' title='bbox 752 2247 878 2306; x_wconf 91' lang='lat' dir='ltr'><strong>subditos</strong></span> <span class='ocrx_word' id='word_1_260' title='bbox 887 2266 945 2307; x_wconf 88' lang='lat' dir='ltr'><strong>esse</strong></span> 
     </span>
     <span class='ocr_line' id='line_1_33' title="bbox 141 2335 944 2410; baseline 0.001 -17"><span class='ocrx_word' id='word_1_261' title='bbox 141 2337 172 2394; x_wconf 94' lang='lat' dir='ltr'><strong>in</strong></span> <span class='ocrx_word' id='word_1_262' title='bbox 190 2335 324 2394; x_wconf 89' lang='lat' dir='ltr'><strong>omnibns</strong></span> <span class='ocrx_word' id='word_1_263' title='bbox 350 2336 421 2410; x_wconf 83' lang='grc'><strong>(89),</strong></span> <span class='ocrx_word' id='word_1_264' title='bbox 443 2337 573 2410; x_wconf 90' lang='lat' dir='ltr'><strong>optimos,</strong></span> <span class='ocrx_word' id='word_1_265' title='bbox 588 2354 645 2395; x_wconf 90' lang='lat' dir='ltr'><strong>uon</strong></span> <span class='ocrx_word' id='word_1_266' title='bbox 659 2344 872 2410; x_wconf 83' lang='lat' dir='ltr'><strong>responsatores,</strong></span> <span class='ocrx_word' id='word_1_267' title='bbox 888 2355 944 2395; x_wconf 90' lang='lat' dir='ltr'><strong>non</strong></span> 
     </span>
     <span class='ocr_line' id='line_1_34' title="bbox 142 2423 942 2496; baseline 0.001 -14"><span class='ocrx_word' id='word_1_268' title='bbox 142 2423 318 2493; x_wconf 86' lang='lat' dir='ltr'><strong>fraudantes,</strong></span> <span class='ocrx_word' id='word_1_269' title='bbox 332 2424 379 2482; x_wconf 91' lang='lat' dir='ltr'><strong>sed</strong></span> <span class='ocrx_word' id='word_1_270' title='bbox 400 2441 513 2482; x_wconf 90' lang='lat' dir='ltr'><strong>omnem</strong></span> <span class='ocrx_word' id='word_1_271' title='bbox 536 2424 619 2482; x_wconf 83' lang='lat' dir='ltr'><strong>fidem</strong></span> <span class='ocrx_word' id='word_1_272' title='bbox 635 2425 735 2482; x_wconf 92' lang='lat' dir='ltr'><strong>bonam</strong></span> <span class='ocrx_word' id='word_1_273' title='bbox 751 2426 942 2496; x_wconf 79' lang='lat' dir='ltr'><strong>ostendentcs;</strong></span> 
     </span>
     <span class='ocr_line' id='line_1_35' title="bbox 142 2513 945 2572; baseline 0.002 -2"><span class='ocrx_word' id='word_1_274' title='bbox 142 2523 177 2572; x_wconf 88' lang='lat' dir='ltr'><strong>ut</strong></span> <span class='ocrx_word' id='word_1_275' title='bbox 203 2513 358 2571; x_wconf 82' lang='lat' dir='ltr'><strong>doctrinam</strong></span> <span class='ocrx_word' id='word_1_276' title='bbox 381 2514 534 2572; x_wconf 82' lang='lat' dir='ltr'><strong>salvatoris</strong></span> <span class='ocrx_word' id='word_1_277' title='bbox 555 2513 643 2570; x_wconf 90' lang='lat' dir='ltr'><strong>nostri</strong></span> <span class='ocrx_word' id='word_1_278' title='bbox 658 2513 708 2570; x_wconf 88' lang='lat' dir='ltr'><strong>Dei</strong></span> <span class='ocrx_word' id='word_1_279' title='bbox 722 2521 821 2570; x_wconf 90' lang='lat' dir='ltr'><strong>ornent</strong></span> <span class='ocrx_word' id='word_1_280' title='bbox 835 2515 863 2570; x_wconf 91' lang='lat' dir='ltr'><strong>in</strong></span> <span class='ocrx_word' id='word_1_281' title='bbox 880 2532 945 2572; x_wconf 89' lang='lat' dir='ltr'><strong>om-</strong></span> 
     </span>
     <span class='ocr_line' id='line_1_36' title="bbox 141 2601 944 2676; baseline 0 -16"><span class='ocrx_word' id='word_1_282' title='bbox 141 2603 265 2660; x_wconf 83' lang='lat' dir='ltr'><strong>nibus.»</strong></span> <span class='ocrx_word' id='word_1_283' title='bbox 286 2603 369 2660; x_wconf 87' lang='lat' dir='ltr'><strong>Bonis</strong></span> <span class='ocrx_word' id='word_1_284' title='bbox 383 2602 513 2676; x_wconf 91' lang='lat' dir='ltr'><strong>operibus</strong></span> <span class='ocrx_word' id='word_1_285' title='bbox 527 2611 555 2659; x_wconf 90' lang='lat' dir='ltr'><strong>et</strong></span> <span class='ocrx_word' id='word_1_286' title='bbox 569 2601 623 2658; x_wconf 87' lang='lat' dir='ltr'><strong>fide</strong></span> <span class='ocrx_word' id='word_1_287' title='bbox 638 2601 791 2660; x_wconf 83' lang='lat' dir='ltr'><strong>doctrinam</strong></span> <span class='ocrx_word' id='word_1_288' title='bbox 808 2602 876 2660; x_wconf 88' lang='lat' dir='ltr'><strong>dicit</strong></span> <span class='ocrx_word' id='word_1_289' title='bbox 894 2621 944 2660; x_wconf 92' lang='lat' dir='ltr'><strong>or-</strong></span> 
     </span>
     <span class='ocr_line' id='line_1_37' title="bbox 140 2691 945 2768; baseline -0.002 -17"><span class='ocrx_word' id='word_1_290' title='bbox 140 2693 206 2751; x_wconf 89' lang='lat' dir='ltr'><strong>nari</strong></span> <span class='ocrx_word' id='word_1_291' title='bbox 231 2692 425 2760; x_wconf 86' lang='lat' dir='ltr'><strong>Dominicam;</strong></span> <span class='ocrx_word' id='word_1_292' title='bbox 451 2700 518 2750; x_wconf 90' lang='lat' dir='ltr'><strong>tnnc</strong></span> <span class='ocrx_word' id='word_1_293' title='bbox 544 2692 619 2748; x_wconf 90' lang='lat' dir='ltr'><strong>enim</strong></span> <span class='ocrx_word' id='word_1_294' title='bbox 646 2691 747 2764; x_wconf 87' lang='lat' dir='ltr'><strong>placita</strong></span> <span class='ocrx_word' id='word_1_295' title='bbox 759 2701 801 2748; x_wconf 91' lang='lat' dir='ltr'><strong>est</strong></span> <span class='ocrx_word' id='word_1_296' title='bbox 819 2692 945 2768; x_wconf 87' lang='lat' dir='ltr'><strong>doctriua</strong></span> 
     </span>
     <span class='ocr_line' id='line_1_38' title="bbox 142 2779 944 2856; baseline -0.005 -15"><span class='ocrx_word' id='word_1_297' title='bbox 142 2783 219 2856; x_wconf 88' lang='grc'><strong>(90),</strong></span> <span class='ocrx_word' id='word_1_298' title='bbox 244 2783 268 2840; x_wconf 88' lang='lat' dir='ltr'><strong>si</strong></span> <span class='ocrx_word' id='word_1_299' title='bbox 286 2781 333 2838; x_wconf 91' lang='lat' dir='ltr'><strong>hic</strong></span> <span class='ocrx_word' id='word_1_300' title='bbox 356 2781 403 2855; x_wconf 93' lang='lat' dir='ltr'><strong>qui</strong></span> <span class='ocrx_word' id='word_1_301' title='bbox 430 2797 487 2838; x_wconf 89' lang='lat' dir='ltr'><strong>eam</strong></span> <span class='ocrx_word' id='word_1_302' title='bbox 504 2779 659 2854; x_wconf 81' lang='lat' dir='ltr'><strong>profitetur,</strong></span> <span class='ocrx_word' id='word_1_303' title='bbox 671 2797 728 2836; x_wconf 93' lang='lat' dir='ltr'><strong>nou</strong></span> <span class='ocrx_word' id='word_1_304' title='bbox 742 2779 818 2838; x_wconf 90' lang='lat' dir='ltr'><strong>illam</strong></span> <span class='ocrx_word' id='word_1_305' title='bbox 833 2797 944 2838; x_wconf 83' lang='lat' dir='ltr'><strong>exosam</strong></span> 
     </span>
     <span class='ocr_line' id='line_1_39' title="bbox 139 2867 943 2942; baseline -0.002 -14"><span class='ocrx_word' id='word_1_306' title='bbox 139 2871 239 2940; x_wconf 91' lang='lat' dir='ltr'><strong>faciat,</strong></span> <span class='ocrx_word' id='word_1_307' title='bbox 268 2870 407 2942; x_wconf 75' lang='lat' dir='ltr'><strong>abnegans</strong></span> <span class='ocrx_word' id='word_1_308' title='bbox 430 2869 522 2937; x_wconf 88' lang='lat' dir='ltr'><strong>factis,</strong></span> <span class='ocrx_word' id='word_1_309' title='bbox 546 2867 593 2926; x_wconf 92' lang='lat' dir='ltr'><strong>sed</strong></span> <span class='ocrx_word' id='word_1_310' title='bbox 617 2867 763 2924; x_wconf 89' lang='lat' dir='ltr'><strong>amabilem</strong></span> <span class='ocrx_word' id='word_1_311' title='bbox 778 2876 806 2926; x_wconf 89' lang='lat' dir='ltr'><strong>et</strong></span> <span class='ocrx_word' id='word_1_312' title='bbox 832 2885 943 2939; x_wconf 90' lang='lat' dir='ltr'><strong>veram;</strong></span> 
     </span>
     <span class='ocr_line' id='line_1_40' title="bbox 140 2959 942 3034; baseline -0.002 -14"><span class='ocrx_word' id='word_1_313' title='bbox 140 2979 201 3020; x_wconf 90' lang='lat' dir='ltr'><strong>non</strong></span> <span class='ocrx_word' id='word_1_314' title='bbox 226 2968 318 3034; x_wconf 86' lang='lat' dir='ltr'><strong>potest</strong></span> <span class='ocrx_word' id='word_1_315' title='bbox 343 2961 418 3017; x_wconf 90' lang='lat' dir='ltr'><strong>enim</strong></span> <span class='ocrx_word' id='word_1_316' title='bbox 435 2959 595 3017; x_wconf 88' lang='lat' dir='ltr'><strong>indecorum</strong></span> <span class='ocrx_word' id='word_1_317' title='bbox 612 2975 679 3023; x_wconf 87' lang='lat' dir='ltr'><strong>asse,</strong></span> <span class='ocrx_word' id='word_1_318' title='bbox 693 2959 767 3033; x_wconf 92' lang='lat' dir='ltr'><strong>quod</strong></span> <span class='ocrx_word' id='word_1_319' title='bbox 780 2976 876 3016; x_wconf 91' lang='lat' dir='ltr'><strong>verum</strong></span> <span class='ocrx_word' id='word_1_320' title='bbox 892 2969 942 3018; x_wconf 87' lang='lat' dir='ltr'><strong>est.</strong></span> 
     </span>
    </p>
   </div>
   <div class='ocr_carea' id='block_1_13' title="bbox 999 1971 1800 2765">
    <p class='ocr_par' dir='ltr' id='par_1_14' title="bbox 999 1971 1800 2586">
     <span class='ocr_line' id='line_1_41' title="bbox 1001 1971 1800 2049; baseline 0.014 -23"><span class='ocrx_word' id='word_1_321' title='bbox 1001 1971 1184 2043; x_wconf 88' lang='lat' dir='ltr'><strong>potestatibus</strong></span> <span class='ocrx_word' id='word_1_322' title='bbox 1207 1973 1333 2030; x_wconf 89' lang='lat' dir='ltr'><strong>subditos</strong></span> <span class='ocrx_word' id='word_1_323' title='bbox 1356 1992 1423 2044; x_wconf 89' lang='lat' dir='ltr'><strong>esse,</strong></span> <span class='ocrx_word' id='word_1_324' title='bbox 1441 1976 1516 2034; x_wconf 88' lang='lat' dir='ltr'><strong>dicto</strong></span> <span class='ocrx_word' id='word_1_325' title='bbox 1531 1977 1653 2049; x_wconf 88' lang='lat' dir='ltr'><strong>obedire,</strong></span> <span class='ocrx_word' id='word_1_326' title='bbox 1670 1979 1704 2036; x_wconf 91' lang='lat' dir='ltr'><strong>ad</strong></span> <span class='ocrx_word' id='word_1_327' title='bbox 1718 1997 1800 2039; x_wconf 89' lang='lat' dir='ltr'><strong>omne</strong></span> 
     </span>
     <span class='ocr_line' id='line_1_42' title="bbox 1000 2061 1799 2136; baseline 0.014 -22"><span class='ocrx_word' id='word_1_328' title='bbox 1000 2075 1069 2132; x_wconf 92' lang='lat' dir='ltr'><strong>opus</strong></span> <span class='ocrx_word' id='word_1_329' title='bbox 1083 2061 1189 2119; x_wconf 92' lang='lat' dir='ltr'><strong>honum</strong></span> <span class='ocrx_word' id='word_1_330' title='bbox 1205 2071 1313 2136; x_wconf 90' lang='lat' dir='ltr'><strong>paratos</strong></span> <span class='ocrx_word' id='word_1_331' title='bbox 1327 2080 1394 2122; x_wconf 89' lang='lat' dir='ltr'><strong>esse.</strong></span> <span class='ocrx_word' id='word_1_332' title='bbox 1411 2088 1420 2110; x_wconf 84' lang='lat'><strong>·</strong></span> <span class='ocrx_word' id='word_1_333' title='bbox 1453 2065 1518 2132; x_wconf 78' lang='lat' dir='ltr'><strong>Qua</strong></span> <span class='ocrx_word' id='word_1_334' title='bbox 1535 2065 1609 2122; x_wconf 89' lang='lat' dir='ltr'><strong>salus</strong></span> <span class='ocrx_word' id='word_1_335' title='bbox 1628 2067 1799 2125; x_wconf 87' lang='lat' dir='ltr'><strong>credentium</strong></span> 
     </span>
     <span class='ocr_line' id='line_1_43' title="bbox 999 2151 1798 2233; baseline 0.015 -26"><span class='ocrx_word' id='word_1_336' title='bbox 999 2151 1046 2221; x_wconf 89' lang='lat' dir='ltr'><strong>sit,</strong></span> <span class='ocrx_word' id='word_1_337' title='bbox 1070 2153 1200 2210; x_wconf 87' lang='lat' dir='ltr'><strong>admonet</strong></span> <span class='ocrx_word' id='word_1_338' title='bbox 1222 2153 1292 2226; x_wconf 77' lang='lat'><strong>(92);</strong></span> <span class='ocrx_word' id='word_1_339' title='bbox 1318 2163 1349 2212; x_wconf 93' lang='lat' dir='ltr'><strong>ut</strong></span> <span class='ocrx_word' id='word_1_340' title='bbox 1365 2156 1534 2226; x_wconf 83' lang='lat' dir='ltr'><strong>manifestet,</strong></span> <span class='ocrx_word' id='word_1_341' title='bbox 1549 2175 1612 2216; x_wconf 90' lang='lat' dir='ltr'><strong>cum</strong></span> <span class='ocrx_word' id='word_1_342' title='bbox 1632 2171 1798 2233; x_wconf 77' lang='lat' dir='ltr'><strong>arguuntur,</strong></span> 
     </span>
     <span class='ocr_line' id='line_1_44' title="bbox 1000 2242 1800 2323; baseline 0.014 -26"><span class='ocrx_word' id='word_1_343' title='bbox 1000 2250 1031 2298; x_wconf 91' lang='lat' dir='ltr'><strong>ut</strong></span> <span class='ocrx_word' id='word_1_344' title='bbox 1058 2242 1147 2299; x_wconf 89' lang='lat' dir='ltr'><strong>sciant</strong></span> <span class='ocrx_word' id='word_1_345' title='bbox 1168 2243 1213 2300; x_wconf 92' lang='lat' dir='ltr'><strong>cui</strong></span> <span class='ocrx_word' id='word_1_346' title='bbox 1229 2244 1304 2302; x_wconf 91' lang='lat' dir='ltr'><strong>bono</strong></span> <span class='ocrx_word' id='word_1_347' title='bbox 1329 2254 1473 2318; x_wconf 89' lang='lat' dir='ltr'><strong>aptentur:</strong></span> <span class='ocrx_word' id='word_1_348' title='bbox 1499 2255 1600 2306; x_wconf 90' lang='lat' dir='ltr'><strong>utnon</strong></span> <span class='ocrx_word' id='word_1_349' title='bbox 1615 2253 1800 2323; x_wconf 88' lang='lat' dir='ltr'><strong>aspereacci-</strong></span> 
     </span>
     <span class='ocr_line' id='line_1_45' title="bbox 1000 2331 1800 2412; baseline 0.016 -26"><span class='ocrx_word' id='word_1_350' title='bbox 1000 2331 1087 2404; x_wconf 90' lang='lat' dir='ltr'><strong>piant,</strong></span> <span class='ocrx_word' id='word_1_351' title='bbox 1102 2333 1170 2389; x_wconf 90' lang='lat' dir='ltr'><strong>certi</strong></span> <span class='ocrx_word' id='word_1_352' title='bbox 1186 2333 1252 2407; x_wconf 88' lang='lat' dir='ltr'><strong>quia</strong></span> <span class='ocrx_word' id='word_1_353' title='bbox 1265 2351 1315 2408; x_wconf 92' lang='lat' dir='ltr'><strong>pro</strong></span> <span class='ocrx_word' id='word_1_354' title='bbox 1329 2337 1417 2394; x_wconf 90' lang='lat' dir='ltr'><strong>salute</strong></span> <span class='ocrx_word' id='word_1_355' title='bbox 1431 2354 1481 2393; x_wconf 91' lang='lat' dir='ltr'><strong>sua</strong></span> <span class='ocrx_word' id='word_1_356' title='bbox 1494 2339 1702 2412; x_wconf 89' lang='lat' dir='ltr'><strong>corripiuntur:</strong></span> <span class='ocrx_word' id='word_1_357' title='bbox 1729 2349 1756 2399; x_wconf 86' lang='lat' dir='ltr'><strong>et</strong></span> <span class='ocrx_word' id='word_1_358' title='bbox 1769 2351 1800 2399; x_wconf 92' lang='grc' dir='ltr'><strong>ιιι</strong></span> 
     </span>
     <span class='ocr_line' id='line_1_46' title="bbox 1000 2419 1798 2502; baseline 0.015 -26"><span class='ocrx_word' id='word_1_359' title='bbox 1000 2419 1034 2476; x_wconf 90' lang='lat' dir='ltr'><strong>ad</strong></span> <span class='ocrx_word' id='word_1_360' title='bbox 1058 2422 1163 2479; x_wconf 89' lang='lat' dir='ltr'><strong>malum</strong></span> <span class='ocrx_word' id='word_1_361' title='bbox 1189 2422 1260 2478; x_wconf 90' lang='lat' dir='ltr'><strong>tardi</strong></span> <span class='ocrx_word' id='word_1_362' title='bbox 1281 2423 1349 2494; x_wconf 88' lang='lat' dir='ltr'><strong>sint,</strong></span> <span class='ocrx_word' id='word_1_363' title='bbox 1371 2425 1405 2482; x_wconf 89' lang='lat' dir='ltr'><strong>ad</strong></span> <span class='ocrx_word' id='word_1_364' title='bbox 1429 2424 1531 2483; x_wconf 91' lang='lat' dir='ltr'><strong>bonum</strong></span> <span class='ocrx_word' id='word_1_365' title='bbox 1551 2443 1617 2484; x_wconf 93' lang='lat' dir='ltr'><strong>vero</strong></span> <span class='ocrx_word' id='word_1_366' title='bbox 1631 2429 1729 2502; x_wconf 90' lang='lat' dir='ltr'><strong>parati,</strong></span> <span class='ocrx_word' id='word_1_367' title='bbox 1742 2446 1798 2488; x_wconf 92' lang='lat' dir='ltr'><strong>non</strong></span> 
     </span>
     <span class='ocr_line' id='line_1_47' title="bbox 999 2509 1601 2586; baseline 0.013 -22"><span class='ocrx_word' id='word_1_368' title='bbox 999 2509 1087 2565; x_wconf 89' lang='lat' dir='ltr'><strong>nescii</strong></span> <span class='ocrx_word' id='word_1_369' title='bbox 1110 2510 1178 2583; x_wconf 91' lang='lat' dir='ltr'><strong>quid</strong></span> <span class='ocrx_word' id='word_1_370' title='bbox 1196 2511 1313 2584; x_wconf 81' lang='lat' dir='ltr'><strong>singulis</strong></span> <span class='ocrx_word' id='word_1_371' title='bbox 1328 2515 1448 2584; x_wconf 90' lang='lat' dir='ltr'><strong>persolvi</strong></span> <span class='ocrx_word' id='word_1_372' title='bbox 1467 2524 1601 2586; x_wconf 85' lang='lat' dir='ltr'><strong>oporteat.</strong></span> 
     </span>
    </p>

    <p class='ocr_par' dir='ltr' id='par_1_15' title="bbox 999 2605 1798 2765">
     <span class='ocr_line' id='line_1_48' title="bbox 1037 2605 1798 2686; baseline 0.011 -23"><span class='ocrx_word' id='word_1_373' title='bbox 1037 2605 1129 2679; x_wconf 85' lang='lat' dir='ltr'><strong>(Vere.</strong></span> <span class='ocrx_word' id='word_1_374' title='bbox 1145 2605 1185 2677; x_wconf 77' lang='lat' dir='ltr'><strong>i.)</strong></span> <span class='ocrx_word' id='word_1_375' title='bbox 1218 2606 1386 2662; x_wconf 78' lang='lat' dir='ltr'><strong>«Neminem</strong></span> <span class='ocrx_word' id='word_1_376' title='bbox 1401 2608 1602 2682; x_wconf 86' lang='lat' dir='ltr'><strong>blasphemare,</strong></span> <span class='ocrx_word' id='word_1_377' title='bbox 1616 2627 1673 2668; x_wconf 93' lang='lat' dir='ltr'><strong>non</strong></span> <span class='ocrx_word' id='word_1_378' title='bbox 1688 2611 1798 2686; x_wconf 79' lang='lat' dir='ltr'><strong>litigio-</strong></span> 
     </span>
     <span class='ocr_line' id='line_1_49' title="bbox 999 2695 1795 2765; baseline 0.009 -14"><span class='ocrx_word' id='word_1_379' title='bbox 999 2711 1044 2752; x_wconf 89' lang='lat' dir='ltr'><strong>sos</strong></span> <span class='ocrx_word' id='word_1_380' title='bbox 1071 2710 1146 2762; x_wconf 88' lang='lat' dir='ltr'><strong>esse;</strong></span> <span class='ocrx_word' id='word_1_381' title='bbox 1174 2695 1223 2752; x_wconf 85' lang='lat' dir='ltr'><strong>sed</strong></span> <span class='ocrx_word' id='word_1_382' title='bbox 1246 2696 1395 2765; x_wconf 87' lang='lat' dir='ltr'><strong>modestos,</strong></span> <span class='ocrx_word' id='word_1_383' title='bbox 1409 2703 1482 2761; x_wconf 83' lang='lat'><strong>316</strong></span> <span class='ocrx_word' id='word_1_384' title='bbox 1497 2700 1673 2757; x_wconf 88' lang='lat' dir='ltr'><strong>ostendentes</strong></span> <span class='ocrx_word' id='word_1_385' title='bbox 1686 2717 1795 2760; x_wconf 89' lang='lat' dir='ltr'><strong>omnem</strong></span> 
     </span>
    </p>
   </div>
   <div class='ocr_carea' id='block_1_14' title="bbox 998 2793 1798 3050">
    <p class='ocr_par' dir='ltr' id='par_1_16' title="bbox 998 2793 1798 3050">
     <span class='ocr_line' id='line_1_50' title="bbox 999 2793 1798 2856; baseline 0.01 -8"><span class='ocrx_word' id='word_1_386' title='bbox 999 2793 1240 2852; x_wconf 83' lang='lat' dir='ltr'><strong>mansuetudinem</strong></span> <span class='ocrx_word' id='word_1_387' title='bbox 1261 2795 1298 2852; x_wconf 89' lang='lat' dir='ltr'><strong>ad</strong></span> <span class='ocrx_word' id='word_1_388' title='bbox 1317 2811 1412 2854; x_wconf 89' lang='lat' dir='ltr'><strong>omnes</strong></span> <span class='ocrx_word' id='word_1_389' title='bbox 1438 2795 1600 2854; x_wconf 78' lang='lat' dir='ltr'><strong>homines·</strong></span> <span class='ocrx_word' id='word_1_390' title='bbox 1626 2796 1798 2856; x_wconf 88' lang='lat' dir='ltr'><strong>Christianos</strong></span> 
     </span>
     <span class='ocr_line' id='line_1_51' title="bbox 998 2885 1796 2956; baseline 0.009 -16"><span class='ocrx_word' id='word_1_391' title='bbox 998 2885 1129 2942; x_wconf 89' lang='lat' dir='ltr'><strong>omnibus</strong></span> <span class='ocrx_word' id='word_1_392' title='bbox 1156 2885 1318 2945; x_wconf 90' lang='lat' dir='ltr'><strong>hominihus</strong></span> <span class='ocrx_word' id='word_1_393' title='bbox 1333 2887 1454 2943; x_wconf 89' lang='lat' dir='ltr'><strong>humiles</strong></span> <span class='ocrx_word' id='word_1_394' title='bbox 1467 2887 1529 2943; x_wconf 92' lang='lat' dir='ltr'><strong>vult</strong></span> <span class='ocrx_word' id='word_1_395' title='bbox 1541 2887 1630 2944; x_wconf 91' lang='lat' dir='ltr'><strong>videri</strong></span> <span class='ocrx_word' id='word_1_396' title='bbox 1645 2905 1652 2956; x_wconf 88' lang='lat'>;</span> <span class='ocrx_word' id='word_1_397' title='bbox 1668 2891 1709 2947; x_wconf 89' lang='lat' dir='ltr'><strong>sic</strong></span> <span class='ocrx_word' id='word_1_398' title='bbox 1722 2891 1796 2946; x_wconf 90' lang='lat' dir='ltr'><strong>enim</strong></span> 
     </span>
     <span class='ocr_line' id='line_1_52' title="bbox 998 2977 1617 3050; baseline 0.006 -18"><span class='ocrx_word' id='word_1_399' title='bbox 998 2984 1112 3048; x_wconf 87' lang='lat' dir='ltr'><strong>possunt</strong></span> <span class='ocrx_word' id='word_1_400' title='bbox 1126 2977 1224 3050; x_wconf 84' lang='lat' dir='ltr'><strong>perfidi</strong></span> <span class='ocrx_word' id='word_1_401' title='bbox 1238 2977 1273 3034; x_wconf 95' lang='lat' dir='ltr'><strong>ad</strong></span> <span class='ocrx_word' id='word_1_402' title='bbox 1288 2977 1409 3035; x_wconf 91' lang='lat' dir='ltr'><strong>futuram</strong></span> <span class='ocrx_word' id='word_1_403' title='bbox 1422 2993 1498 3050; x_wconf 87' lang='lat' dir='ltr'><strong>spem</strong></span> <span class='ocrx_word' id='word_1_404' title='bbox 1513 2980 1617 3036; x_wconf 88' lang='lat' dir='ltr'><strong>vocari.</strong></span> 
     </span>
    </p>
   </div>
   <div class='ocr_carea' id='block_1_15' title="bbox 139 3047 942 3123">
    <p class='ocr_par' dir='ltr' id='par_1_17' title="bbox 139 3047 942 3123">
     <span class='ocr_line' id='line_1_53' title="bbox 139 3047 942 3123; baseline -0.004 -14"><span class='ocrx_word' id='word_1_405' title='bbox 139 3051 215 3110; x_wconf 89' lang='lat' dir='ltr'><strong>Com</strong></span> <span class='ocrx_word' id='word_1_406' title='bbox 227 3067 293 3123; x_wconf 77' lang='lat' dir='ltr'><strong>erqo</strong></span> <span class='ocrx_word' id='word_1_407' title='bbox 307 3049 381 3107; x_wconf 91' lang='lat' dir='ltr'><strong>dicta</strong></span> <span class='ocrx_word' id='word_1_408' title='bbox 395 3048 574 3123; x_wconf 89' lang='lat' dir='ltr'><strong>sequentibus</strong></span> <span class='ocrx_word' id='word_1_409' title='bbox 586 3048 666 3107; x_wconf 88' lang='lat' dir='ltr'><strong>factis</strong></span> <span class='ocrx_word' id='word_1_410' title='bbox 680 3047 842 3121; x_wconf 89' lang='lat' dir='ltr'><strong>implentur,</strong></span> <span class='ocrx_word' id='word_1_411' title='bbox 854 3058 942 3106; x_wconf 91' lang='lat' dir='ltr'><strong>osten·</strong></span> 
     </span>
    </p>
   </div>
   <div class='ocr_carea' id='block_1_16' title="bbox 138 3065 1797 3210">
    <p class='ocr_par' dir='ltr' id='par_1_18' title="bbox 138 3065 1797 3210">
     <span class='ocr_line' id='line_1_54' title="bbox 1034 3065 1797 3142; baseline 0.009 -19"><span class='ocrx_word' id='word_1_412' title='bbox 1034 3065 1123 3137; x_wconf 88' lang='lat' dir='ltr'><strong>(Vers.</strong></span> <span class='ocrx_word' id='word_1_413' title='bbox 1136 3067 1176 3139; x_wconf 86' lang='grc'><strong>3.)</strong></span> <span class='ocrx_word' id='word_1_414' title='bbox 1201 3067 1293 3124; x_wconf 85' lang='lat' dir='ltr'><strong>«Nam</strong></span> <span class='ocrx_word' id='word_1_415' title='bbox 1308 3083 1417 3124; x_wconf 89' lang='lat' dir='ltr'><strong>eramus</strong></span> <span class='ocrx_word' id='word_1_416' title='bbox 1435 3069 1574 3142; x_wconf 87' lang='lat' dir='ltr'><strong>quondam</strong></span> <span class='ocrx_word' id='word_1_417' title='bbox 1590 3078 1618 3127; x_wconf 90' lang='lat' dir='ltr'><strong>et</strong></span> <span class='ocrx_word' id='word_1_418' title='bbox 1631 3086 1681 3127; x_wconf 93' lang='lat' dir='ltr'><strong>nos</strong></span> <span class='ocrx_word' id='word_1_419' title='bbox 1695 3071 1797 3130; x_wconf 89' lang='lat' dir='ltr'><strong>incon—</strong></span> 
     </span>
     <span class='ocr_line' id='line_1_55' title="bbox 138 3136 944 3210; baseline -0.005 -11"><span class='ocrx_word' id='word_1_420' title='bbox 138 3142 253 3199; x_wconf 87' lang='lat' dir='ltr'><strong>dnntur</strong></span> <span class='ocrx_word' id='word_1_421' title='bbox 266 3155 340 3208; x_wconf 91' lang='lat' dir='ltr'><strong>vera,</strong></span> <span class='ocrx_word' id='word_1_422' title='bbox 354 3155 386 3194; x_wconf 90' lang='lat' dir='ltr'><strong>ac</strong></span> <span class='ocrx_word' id='word_1_423' title='bbox 400 3153 449 3210; x_wconf 90' lang='lat' dir='ltr'><strong>per</strong></span> <span class='ocrx_word' id='word_1_424' title='bbox 464 3137 516 3196; x_wconf 93' lang='lat' dir='ltr'><strong>hoc</strong></span> <span class='ocrx_word' id='word_1_425' title='bbox 530 3136 639 3194; x_wconf 88' lang='lat' dir='ltr'><strong>decora.</strong></span> <span class='ocrx_word' id='word_1_426' title='bbox 661 3137 737 3194; x_wconf 85' lang='lat' dir='ltr'><strong>Tunc</strong></span> <span class='ocrx_word' id='word_1_427' title='bbox 760 3145 874 3209; x_wconf 90' lang='lat' dir='ltr'><strong>possunt</strong></span> <span class='ocrx_word' id='word_1_428' title='bbox 888 3137 944 3196; x_wconf 91' lang='lat' dir='ltr'><strong>do-</strong></span> 
     </span>
    </p>
   </div>
   <div class='ocr_carea' id='block_1_17' title="bbox 131 3154 1822 4572">
    <p class='ocr_par' dir='ltr' id='par_1_19' title="bbox 131 3154 1822 4572">
     <span class='ocr_line' id='line_1_56' title="bbox 998 3154 1797 3229; baseline 0.009 -19"><span class='ocrx_word' id='word_1_429' title='bbox 998 3155 1076 3223; x_wconf 93' lang='lat' dir='ltr'><strong>sulti,</strong></span> <span class='ocrx_word' id='word_1_430' title='bbox 1097 3154 1320 3229; x_wconf 87' lang='lat' dir='ltr'><strong>inobsequentes,</strong></span> <span class='ocrx_word' id='word_1_431' title='bbox 1339 3166 1472 3226; x_wconf 85' lang='lat' dir='ltr'><strong>errantes,</strong></span> <span class='ocrx_word' id='word_1_432' title='bbox 1488 3159 1639 3216; x_wconf 83' lang='lat' dir='ltr'><strong>servientes</strong></span> <span class='ocrx_word' id='word_1_433' title='bbox 1653 3160 1797 3218; x_wconf 90' lang='lat' dir='ltr'><strong>desideriis</strong></span> 
     </span>
     <span class='ocr_line' id='line_1_57' title="bbox 138 3223 1793 3326; baseline 0.007 -26"><span class='ocrx_word' id='word_1_434' title='bbox 138 3230 216 3287; x_wconf 72' lang='grc'><strong>9999</strong></span> <span class='ocrx_word' id='word_1_435' title='bbox 231 3244 474 3286; x_wconf 66' lang='lat' dir='ltr'><strong>⁸⁸1V08⁵11⁰⁸1¹⁰¹¹</strong></span> <span class='ocrx_word' id='word_1_436' title='bbox 495 3234 602 3284; x_wconf 63' lang='grc'><strong>9999999</strong></span> <span class='ocrx_word' id='word_1_437' title='bbox 617 3244 633 3284; x_wconf 82' lang='grc'><strong>9</strong></span> <span class='ocrx_word' id='word_1_438' title='bbox 646 3227 701 3284; x_wconf 82' lang='grc'><strong>999</strong></span> <span class='ocrx_word' id='word_1_439' title='bbox 716 3243 771 3284; x_wconf 86' lang='grc'><strong>999</strong></span> <span class='ocrx_word' id='word_1_440' title='bbox 787 3228 942 3300; x_wconf 64' lang='grc'><strong>99999999,</strong></span> <span class='ocrx_word' id='word_1_441' title='bbox 959 3223 980 3283; x_wconf 73' lang='lat'><strong>⁰</strong></span> <span class='ocrx_word' id='word_1_442' title='bbox 998 3255 1026 3304; x_wconf 89' lang='lat' dir='ltr'><strong>et</strong></span> <span class='ocrx_word' id='word_1_443' title='bbox 1040 3247 1232 3319; x_wconf 88' lang='lat' dir='ltr'><strong>voluptatibus</strong></span> <span class='ocrx_word' id='word_1_444' title='bbox 1248 3249 1342 3318; x_wconf 91' lang='lat' dir='ltr'><strong>variis,</strong></span> <span class='ocrx_word' id='word_1_445' title='bbox 1358 3250 1388 3305; x_wconf 93' lang='lat' dir='ltr'><strong>in</strong></span> <span class='ocrx_word' id='word_1_446' title='bbox 1403 3251 1509 3308; x_wconf 91' lang='lat' dir='ltr'><strong>malitia</strong></span> <span class='ocrx_word' id='word_1_447' title='bbox 1516 3259 1544 3308; x_wconf 90' lang='lat' dir='ltr'><strong>et</strong></span> <span class='ocrx_word' id='word_1_448' title='bbox 1556 3251 1793 3326; x_wconf 78' lang='lat' dir='ltr'><strong>invidiaaqentes,</strong></span> 
     </span>
     <span class='ocr_line' id='line_1_58' title="bbox 134 3319 1795 3418; baseline -0.001 -39"><span class='ocrx_word' id='word_1_449' title='bbox 134 3322 333 3380; x_wconf 81' lang='lat' dir='ltr'><strong>verumetiam</strong></span> <span class='ocrx_word' id='word_1_450' title='bbox 350 3321 482 3396; x_wconf 79' lang='lat' dir='ltr'><strong>gaudere3</strong></span> <span class='ocrx_word' id='word_1_451' title='bbox 507 3319 667 3393; x_wconf 86' lang='lat' dir='ltr'><strong>quiatidem</strong></span> <span class='ocrx_word' id='word_1_452' title='bbox 680 3335 774 3378; x_wconf 80' lang='lat' dir='ltr'><strong>cortun</strong></span> <span class='ocrx_word' id='word_1_453' title='bbox 791 3319 874 3376; x_wconf 90' lang='lat' dir='ltr'><strong>etiam</strong></span> <span class='ocrx_word' id='word_1_454' title='bbox 889 3320 943 3378; x_wconf 91' lang='lat' dir='ltr'><strong>sibi</strong></span> <span class='ocrx_word' id='word_1_455' title='bbox 997 3335 1128 3408; x_wconf 63' lang='lat' dir='ltr'><strong>odibiles,</strong></span> <span class='ocrx_word' id='word_1_456' title='bbox 1157 3337 1222 3394; x_wconf 72' lang='lat' dir='ltr'>odio</span> <span class='ocrx_word' id='word_1_457' title='bbox 1245 3354 1296 3396; x_wconf 67' lang='lat'><strong>„03</strong></span> <span class='ocrx_word' id='word_1_458' title='bbox 1314 3339 1436 3400; x_wconf 64' lang='lat' dir='ltr'><strong>jnvjoem</strong></span> <span class='ocrx_word' id='word_1_459' title='bbox 1460 3343 1591 3400; x_wconf 50' lang='lat' dir='ltr'><strong>habente,</strong></span> <span class='ocrx_word' id='word_1_460' title='bbox 1611 3343 1680 3418; x_wconf 72' lang='grc' dir='ltr'><strong>(93)Ι</strong></span> <span class='ocrx_word' id='word_1_461' title='bbox 1702 3369 1711 3392; x_wconf 86' lang='grc'><strong>,</strong></span> <span class='ocrx_word' id='word_1_462' title='bbox 1731 3346 1795 3402; x_wconf 66' lang='lat' dir='ltr'><strong>paec</strong></span> 
     </span>
     <span class='ocr_line' id='line_1_59' title="bbox 134 3409 1822 3499; baseline 0.002 -13"><span class='ocrx_word' id='word_1_463' title='bbox 134 3415 241 3472; x_wconf 64' lang='lat' dir='ltr'><strong>Vident</strong></span> <span class='ocrx_word' id='word_1_464' title='bbox 260 3413 402 3486; x_wconf 69' lang='grc'><strong>99999999·</strong></span> <span class='ocrx_word' id='word_1_465' title='bbox 421 3413 507 3469; x_wconf 74' lang='grc'><strong>99990</strong></span> <span class='ocrx_word' id='word_1_466' title='bbox 520 3411 594 3468; x_wconf 72' lang='grc'><strong>9999]</strong></span> <span class='ocrx_word' id='word_1_467' title='bbox 610 3409 693 3466; x_wconf 68' lang='lat' dir='ltr'><strong>fldem</strong></span> <span class='ocrx_word' id='word_1_468' title='bbox 711 3409 878 3482; x_wconf 67' lang='grc'><strong>9999999999,</strong></span> <span class='ocrx_word' id='word_1_469' title='bbox 894 3410 944 3466; x_wconf 92' lang='lat' dir='ltr'><strong>in-</strong></span> <span class='ocrx_word' id='word_1_470' title='bbox 997 3425 1070 3482; x_wconf 88' lang='lat' dir='ltr'><strong>bona</strong></span> <span class='ocrx_word' id='word_1_471' title='bbox 1085 3442 1145 3499; x_wconf 88' lang='lat' dir='ltr'><strong>qnae</strong></span> <span class='ocrx_word' id='word_1_472' title='bbox 1164 3427 1345 3486; x_wconf 89' lang='lat' dir='ltr'><strong>incredulitas</strong></span> <span class='ocrx_word' id='word_1_473' title='bbox 1367 3431 1533 3499; x_wconf 84' lang='lat' dir='ltr'><strong>nonhabet,</strong></span> <span class='ocrx_word' id='word_1_474' title='bbox 1553 3431 1719 3490; x_wconf 88' lang='lat' dir='ltr'><strong>Christianis</strong></span> <span class='ocrx_word' id='word_1_475' title='bbox 1733 3432 1794 3490; x_wconf 91' lang='lat' dir='ltr'><strong>data</strong></span> <span class='ocrx_word' id='word_1_476' title='bbox 1820 3423 1822 3429; x_wconf 32' lang='lat'>⁸</span> 
     </span>
     <span class='ocr_line' id='line_1_60' title="bbox 133 3500 1794 3590; baseline 0 -13"><span class='ocrx_word' id='word_1_477' title='bbox 133 3504 232 3561; x_wconf 71' lang='grc'><strong>99999</strong></span> <span class='ocrx_word' id='word_1_478' title='bbox 247 3510 336 3577; x_wconf 64' lang='lat' dir='ltr'><strong>12⁰test</strong></span> <span class='ocrx_word' id='word_1_479' title='bbox 351 3519 410 3560; x_wconf 74' lang='lat'><strong>⁰⁸⁸0</strong></span> <span class='ocrx_word' id='word_1_480' title='bbox 424 3500 594 3559; x_wconf 70' lang='grc'><strong>9999999999·</strong></span> <span class='ocrx_word' id='word_1_481' title='bbox 998 3522 1151 3584; x_wconf 74' lang='lat' dir='ltr'><strong>memorat,</strong></span> <span class='ocrx_word' id='word_1_482' title='bbox 1180 3524 1211 3572; x_wconf 93' lang='lat' dir='ltr'><strong>ut</strong></span> <span class='ocrx_word' id='word_1_483' title='bbox 1233 3517 1261 3572; x_wconf 93' lang='lat' dir='ltr'><strong>iu</strong></span> <span class='ocrx_word' id='word_1_484' title='bbox 1283 3518 1359 3574; x_wconf 91' lang='lat' dir='ltr'><strong>omni</strong></span> <span class='ocrx_word' id='word_1_485' title='bbox 1378 3518 1489 3590; x_wconf 87' lang='lat' dir='ltr'><strong>justitia</strong></span> <span class='ocrx_word' id='word_1_486' title='bbox 1508 3522 1641 3589; x_wconf 86' lang='lat' dir='ltr'><strong>lucentes,</strong></span> <span class='ocrx_word' id='word_1_487' title='bbox 1657 3521 1794 3580; x_wconf 80' lang='lat' dir='ltr'><strong>manifesti</strong></span> 
     </span>
     <span class='ocr_line' id='line_1_61' title="bbox 174 3603 1793 3685; baseline -0.001 -17"><span class='ocrx_word' id='word_1_488' title='bbox 174 3612 270 3685; x_wconf 82' lang='lat' dir='ltr'><strong>(Vers.</strong></span> <span class='ocrx_word' id='word_1_489' title='bbox 285 3610 392 3684; x_wconf 62' lang='lat' dir='ltr'><strong>lisa.)</strong></span> <span class='ocrx_word' id='word_1_490' title='bbox 415 3607 535 3666; x_wconf 76' lang='lat' dir='ltr'><strong>«illuxit</strong></span> <span class='ocrx_word' id='word_1_491' title='bbox 543 3606 616 3666; x_wconf 84' lang='lat' dir='ltr'><strong>enim</strong></span> <span class='ocrx_word' id='word_1_492' title='bbox 629 3605 716 3681; x_wconf 75' lang='lat' dir='ltr'><strong>gratia</strong></span> <span class='ocrx_word' id='word_1_493' title='bbox 730 3604 779 3662; x_wconf 88' lang='lat' dir='ltr'><strong>Dei</strong></span> <span class='ocrx_word' id='word_1_494' title='bbox 794 3603 944 3661; x_wconf 82' lang='lat' dir='ltr'><strong>salvatoris</strong></span> <span class='ocrx_word' id='word_1_495' title='bbox 998 3604 1066 3660; x_wconf 90' lang='lat' dir='ltr'><strong>fiant</strong></span> <span class='ocrx_word' id='word_1_496' title='bbox 1086 3605 1161 3677; x_wconf 90' lang='lat' dir='ltr'><strong>quod</strong></span> <span class='ocrx_word' id='word_1_497' title='bbox 1183 3605 1233 3662; x_wconf 87' lang='lat' dir='ltr'><strong>Dei</strong></span> <span class='ocrx_word' id='word_1_498' title='bbox 1254 3607 1375 3663; x_wconf 78' lang='lat' dir='ltr'><strong>cultores</strong></span> <span class='ocrx_word' id='word_1_499' title='bbox 1394 3608 1461 3666; x_wconf 90' lang='lat' dir='ltr'><strong>sint.</strong></span> <span class='ocrx_word' id='word_1_500' title='bbox 1483 3607 1552 3664; x_wconf 92' lang='lat' dir='ltr'><strong>Cum</strong></span> <span class='ocrx_word' id='word_1_501' title='bbox 1567 3609 1641 3664; x_wconf 92' lang='lat' dir='ltr'><strong>enim</strong></span> <span class='ocrx_word' id='word_1_502' title='bbox 1657 3609 1793 3681; x_wconf 89' lang='lat' dir='ltr'><strong>quondam</strong></span> 
     </span>
     <span class='ocr_line' id='line_1_62' title="bbox 132 3693 1795 3768; baseline -0.004 -7"><span class='ocrx_word' id='word_1_503' title='bbox 132 3701 235 3761; x_wconf 87' lang='lat' dir='ltr'><strong>nostri</strong></span> <span class='ocrx_word' id='word_1_504' title='bbox 251 3700 380 3758; x_wconf 91' lang='lat' dir='ltr'><strong>omnibus</strong></span> <span class='ocrx_word' id='word_1_505' title='bbox 394 3697 569 3767; x_wconf 89' lang='lat' dir='ltr'><strong>hominibus,</strong></span> <span class='ocrx_word' id='word_1_506' title='bbox 591 3695 720 3754; x_wconf 89' lang='lat' dir='ltr'><strong>erudiens</strong></span> <span class='ocrx_word' id='word_1_507' title='bbox 734 3711 794 3764; x_wconf 92' lang='lat' dir='ltr'><strong>nos,</strong></span> <span class='ocrx_word' id='word_1_508' title='bbox 810 3701 841 3750; x_wconf 92' lang='lat' dir='ltr'><strong>ut</strong></span> <span class='ocrx_word' id='word_1_509' title='bbox 855 3693 944 3750; x_wconf 91' lang='lat' dir='ltr'><strong>abne-</strong></span> <span class='ocrx_word' id='word_1_510' title='bbox 998 3693 1159 3762; x_wconf 89' lang='lat' dir='ltr'><strong>inconsulti,</strong></span> <span class='ocrx_word' id='word_1_511' title='bbox 1181 3709 1256 3751; x_wconf 91' lang='lat' dir='ltr'><strong>nunc</strong></span> <span class='ocrx_word' id='word_1_512' title='bbox 1268 3693 1401 3752; x_wconf 87' lang='lat' dir='ltr'><strong>videntur</strong></span> <span class='ocrx_word' id='word_1_513' title='bbox 1418 3713 1467 3768; x_wconf 92' lang='lat' dir='ltr'><strong>per</strong></span> <span class='ocrx_word' id='word_1_514' title='bbox 1478 3696 1572 3754; x_wconf 88' lang='lat' dir='ltr'><strong>omnia</strong></span> <span class='ocrx_word' id='word_1_515' title='bbox 1588 3695 1648 3752; x_wconf 91' lang='lat' dir='ltr'><strong>sani</strong></span> <span class='ocrx_word' id='word_1_516' title='bbox 1662 3713 1720 3754; x_wconf 91' lang='lat' dir='ltr'><strong>esse</strong></span> <span class='ocrx_word' id='word_1_517' title='bbox 1732 3713 1795 3754; x_wconf 89' lang='lat' dir='ltr'><strong>con·</strong></span> 
     </span>
     <span class='ocr_line' id='line_1_63' title="bbox 132 3779 1401 3868; baseline -0.007 -18"><span class='ocrx_word' id='word_1_518' title='bbox 132 3801 202 3868; x_wconf 77' lang='lat' dir='ltr'><strong>gata</strong></span> <span class='ocrx_word' id='word_1_519' title='bbox 216 3791 358 3863; x_wconf 90' lang='lat' dir='ltr'><strong>impietate</strong></span> <span class='ocrx_word' id='word_1_520' title='bbox 373 3800 400 3848; x_wconf 90' lang='lat' dir='ltr'><strong>et</strong></span> <span class='ocrx_word' id='word_1_521' title='bbox 415 3787 595 3849; x_wconf 80' lang='lat' dir='ltr'><strong>saecularibus</strong></span> <span class='ocrx_word' id='word_1_522' title='bbox 612 3785 768 3853; x_wconf 91' lang='lat' dir='ltr'><strong>desideriis,</strong></span> <span class='ocrx_word' id='word_1_523' title='bbox 783 3790 943 3854; x_wconf 85' lang='lat' dir='ltr'><strong>temperan-</strong></span> <span class='ocrx_word' id='word_1_524' title='bbox 997 3780 1064 3848; x_wconf 89' lang='lat' dir='ltr'><strong>silii,</strong></span> <span class='ocrx_word' id='word_1_525' title='bbox 1079 3779 1207 3837; x_wconf 88' lang='lat' dir='ltr'><strong>laudatur</strong></span> <span class='ocrx_word' id='word_1_526' title='bbox 1221 3782 1251 3838; x_wconf 92' lang='lat' dir='ltr'><strong>in</strong></span> <span class='ocrx_word' id='word_1_527' title='bbox 1261 3782 1305 3838; x_wconf 90' lang='lat' dir='ltr'><strong>his</strong></span> <span class='ocrx_word' id='word_1_528' title='bbox 1318 3785 1401 3842; x_wconf 87' lang='lat' dir='ltr'><strong>Deus.</strong></span> 
     </span>
     <span class='ocr_line' id='line_1_64' title="bbox 131 3873 1795 3953; baseline -0.007 -14"><span class='ocrx_word' id='word_1_529' title='bbox 131 3892 194 3952; x_wconf 88' lang='lat' dir='ltr'><strong>ter,</strong></span> <span class='ocrx_word' id='word_1_530' title='bbox 210 3874 811 3953; x_wconf 77' lang='lat' dir='ltr'><strong>atinate,etpievivamusinhocsaaculo.·</strong></span> <span class='ocrx_word' id='word_1_531' title='bbox 833 3874 942 3929; x_wconf 86' lang='lat' dir='ltr'><strong>Donum</strong></span> <span class='ocrx_word' id='word_1_532' title='bbox 1034 3874 1125 3946; x_wconf 84' lang='lat' dir='ltr'><strong>(Vera.</strong></span> <span class='ocrx_word' id='word_1_533' title='bbox 1155 3873 1226 3946; x_wconf 74' lang='grc'><strong>0-7.)</strong></span> <span class='ocrx_word' id='word_1_534' title='bbox 1261 3899 1271 3922; x_wconf 79' lang='grc' dir='ltr'>ι</span> <span class='ocrx_word' id='word_1_535' title='bbox 1300 3874 1371 3935; x_wconf 89' lang='lat' dir='ltr'><strong>Cum</strong></span> <span class='ocrx_word' id='word_1_536' title='bbox 1392 3875 1795 3934; x_wconf 81' lang='lat' dir='ltr'><strong>verobonitasethumanltas</strong></span> 
     </span>
     <span class='ocr_line' id='line_1_65' title="bbox 133 3959 1794 4040; baseline -0.005 -15"><span class='ocrx_word' id='word_1_537' title='bbox 133 3971 197 4030; x_wconf 85' lang='lat' dir='ltr'><strong>Dei</strong></span> <span class='ocrx_word' id='word_1_538' title='bbox 212 3967 340 4024; x_wconf 86' lang='lat' dir='ltr'><strong>illuxisse</strong></span> <span class='ocrx_word' id='word_1_539' title='bbox 354 3967 515 4024; x_wconf 91' lang='lat' dir='ltr'><strong>bominibus</strong></span> <span class='ocrx_word' id='word_1_540' title='bbox 529 3967 597 4024; x_wconf 88' lang='lat' dir='ltr'><strong>dicit</strong></span> <span class='ocrx_word' id='word_1_541' title='bbox 611 3983 658 4040; x_wconf 91' lang='lat' dir='ltr'><strong>per</strong></span> <span class='ocrx_word' id='word_1_542' title='bbox 678 3963 832 4028; x_wconf 86' lang='lat' dir='ltr'><strong>Christum,</strong></span> <span class='ocrx_word' id='word_1_543' title='bbox 848 3959 942 4028; x_wconf 86' lang='lat' dir='ltr'><strong>idest,</strong></span> <span class='ocrx_word' id='word_1_544' title='bbox 998 3963 1094 4019; x_wconf 86' lang='lat' dir='ltr'><strong>illuxit</strong></span> <span class='ocrx_word' id='word_1_545' title='bbox 1117 3963 1246 4020; x_wconf 88' lang='lat' dir='ltr'><strong>salutaris</strong></span> <span class='ocrx_word' id='word_1_546' title='bbox 1269 3964 1319 4020; x_wconf 86' lang='lat' dir='ltr'><strong>Dei</strong></span> <span class='ocrx_word' id='word_1_547' title='bbox 1340 3964 1438 4032; x_wconf 87' lang='lat' dir='ltr'><strong>nostri,</strong></span> <span class='ocrx_word' id='word_1_548' title='bbox 1454 3981 1509 4022; x_wconf 89' lang='lat' dir='ltr'><strong>non</strong></span> <span class='ocrx_word' id='word_1_549' title='bbox 1525 3981 1560 4023; x_wconf 83' lang='lat' dir='ltr'><strong>ex</strong></span> <span class='ocrx_word' id='word_1_550' title='bbox 1574 3965 1703 4036; x_wconf 86' lang='lat' dir='ltr'><strong>operibus</strong></span> <span class='ocrx_word' id='word_1_551' title='bbox 1715 3962 1794 4034; x_wconf 88' lang='lat' dir='ltr'><strong>justi·</strong></span> 
     </span>
     <span class='ocr_line' id='line_1_66' title="bbox 137 4049 1794 4126; baseline -0.004 -14"><span class='ocrx_word' id='word_1_552' title='bbox 137 4057 294 4112; x_wconf 86' lang='lat' dir='ltr'><strong>veritatem</strong></span> <span class='ocrx_word' id='word_1_553' title='bbox 319 4053 403 4110; x_wconf 88' lang='lat' dir='ltr'><strong>unius</strong></span> <span class='ocrx_word' id='word_1_554' title='bbox 424 4055 475 4110; x_wconf 83' lang='lat' dir='ltr'><strong>Dei</strong></span> <span class='ocrx_word' id='word_1_555' title='bbox 494 4055 695 4112; x_wconf 85' lang='lat' dir='ltr'><strong>manifestatam</strong></span> <span class='ocrx_word' id='word_1_556' title='bbox 721 4053 750 4109; x_wconf 96' lang='lat' dir='ltr'><strong>in</strong></span> <span class='ocrx_word' id='word_1_557' title='bbox 764 4049 876 4111; x_wconf 89' lang='lat' dir='ltr'><strong>Christo</strong></span> <span class='ocrx_word' id='word_1_558' title='bbox 891 4066 896 4104; x_wconf 92' lang='lat'>:</span> <span class='ocrx_word' id='word_1_559' title='bbox 911 4055 942 4105; x_wconf 92' lang='lat' dir='ltr'><strong>ut</strong></span> <span class='ocrx_word' id='word_1_560' title='bbox 998 4052 1055 4121; x_wconf 82' lang='lat' dir='ltr'><strong>tia,</strong></span> <span class='ocrx_word' id='word_1_561' title='bbox 1073 4069 1133 4126; x_wconf 80' lang='lat' dir='ltr'><strong>quae</strong></span> <span class='ocrx_word' id='word_1_562' title='bbox 1148 4069 1198 4110; x_wconf 90' lang='lat' dir='ltr'><strong>nos</strong></span> <span class='ocrx_word' id='word_1_563' title='bbox 1212 4052 1338 4111; x_wconf 84' lang='lat' dir='ltr'><strong>fecimus:</strong></span> <span class='ocrx_word' id='word_1_564' title='bbox 1354 4054 1561 4110; x_wconf 89' lang='lat' dir='ltr'><strong>sedsecundum</strong></span> <span class='ocrx_word' id='word_1_565' title='bbox 1578 4051 1794 4114; x_wconf 80' lang='lat' dir='ltr'><strong>misericordiam</strong></span> 
     </span>
     <span class='ocr_line' id='line_1_67' title="bbox 139 4137 1796 4218; baseline -0.001 -22"><span class='ocrx_word' id='word_1_566' title='bbox 139 4141 198 4218; x_wconf 89' lang='lat' dir='ltr'><strong>pia</strong></span> <span class='ocrx_word' id='word_1_567' title='bbox 208 4139 376 4213; x_wconf 88' lang='lat' dir='ltr'><strong>professione</strong></span> <span class='ocrx_word' id='word_1_568' title='bbox 390 4141 546 4198; x_wconf 88' lang='lat' dir='ltr'><strong>Creatorem</strong></span> <span class='ocrx_word' id='word_1_569' title='bbox 562 4141 741 4212; x_wconf 72' lang='lat' dir='ltr'><strong>predicemus</strong></span> <span class='ocrx_word' id='word_1_570' title='bbox 756 4141 784 4197; x_wconf 92' lang='lat' dir='ltr'><strong>in</strong></span> <span class='ocrx_word' id='word_1_571' title='bbox 798 4137 943 4196; x_wconf 70' lang='lat' dir='ltr'><strong>utillimus</strong></span> <span class='ocrx_word' id='word_1_572' title='bbox 997 4159 1075 4200; x_wconf 90' lang='lat' dir='ltr'><strong>suam</strong></span> <span class='ocrx_word' id='word_1_573' title='bbox 1102 4143 1192 4200; x_wconf 88' lang='lat' dir='ltr'><strong>salvos</strong></span> <span class='ocrx_word' id='word_1_574' title='bbox 1221 4159 1271 4200; x_wconf 87' lang='lat' dir='ltr'><strong>nos</strong></span> <span class='ocrx_word' id='word_1_575' title='bbox 1285 4144 1352 4200; x_wconf 90' lang='lat' dir='ltr'><strong>fecit</strong></span> <span class='ocrx_word' id='word_1_576' title='bbox 1366 4159 1413 4215; x_wconf 91' lang='lat' dir='ltr'><strong>per</strong></span> <span class='ocrx_word' id='word_1_577' title='bbox 1427 4143 1566 4199; x_wconf 91' lang='lat' dir='ltr'><strong>lavacrum</strong></span> <span class='ocrx_word' id='word_1_578' title='bbox 1583 4140 1796 4212; x_wconf 84' lang='lat' dir='ltr'><strong>regenerationis</strong></span> 
     </span>
     <span class='ocr_line' id='line_1_68' title="bbox 133 4226 1796 4304; baseline -0.005 -12"><span class='ocrx_word' id='word_1_579' title='bbox 133 4231 273 4292; x_wconf 87' lang='lat' dir='ltr'><strong>unitate:</strong></span> <span class='ocrx_word' id='word_1_580' title='bbox 306 4229 379 4303; x_wconf 90' lang='lat' dir='ltr'><strong>quod</strong></span> <span class='ocrx_word' id='word_1_581' title='bbox 400 4231 478 4303; x_wconf 88' lang='lat' dir='ltr'><strong>prius</strong></span> <span class='ocrx_word' id='word_1_582' title='bbox 494 4229 576 4286; x_wconf 89' lang='lat' dir='ltr'><strong>latuit</strong></span> <span class='ocrx_word' id='word_1_583' title='bbox 589 4229 739 4287; x_wconf 88' lang='lat' dir='ltr'><strong>humanum</strong></span> <span class='ocrx_word' id='word_1_584' title='bbox 754 4247 849 4304; x_wconf 75' lang='lat' dir='ltr'><strong>genus,</strong></span> <span class='ocrx_word' id='word_1_585' title='bbox 869 4243 943 4286; x_wconf 91' lang='lat' dir='ltr'><strong>nnnc</strong></span> <span class='ocrx_word' id='word_1_586' title='bbox 997 4237 1025 4288; x_wconf 89' lang='lat' dir='ltr'><strong>et</strong></span> <span class='ocrx_word' id='word_1_587' title='bbox 1041 4231 1230 4290; x_wconf 88' lang='lat' dir='ltr'><strong>renovationis</strong></span> <span class='ocrx_word' id='word_1_588' title='bbox 1246 4229 1366 4304; x_wconf 88' lang='lat' dir='ltr'><strong>Spiritus</strong></span> <span class='ocrx_word' id='word_1_589' title='bbox 1382 4229 1480 4298; x_wconf 90' lang='lat' dir='ltr'><strong>sancti,</strong></span> <span class='ocrx_word' id='word_1_590' title='bbox 1495 4244 1575 4302; x_wconf 91' lang='lat' dir='ltr'><strong>quem</strong></span> <span class='ocrx_word' id='word_1_591' title='bbox 1590 4226 1688 4284; x_wconf 87' lang='lat' dir='ltr'><strong>effudit</strong></span> <span class='ocrx_word' id='word_1_592' title='bbox 1701 4227 1731 4282; x_wconf 89' lang='lat' dir='ltr'><strong>ln</strong></span> <span class='ocrx_word' id='word_1_593' title='bbox 1747 4243 1796 4284; x_wconf 90' lang='lat' dir='ltr'><strong>nos</strong></span> 
     </span>
     <span class='ocr_line' id='line_1_69' title="bbox 133 4317 1794 4395; baseline -0.006 -14"><span class='ocrx_word' id='word_1_594' title='bbox 133 4328 239 4381; x_wconf 89' lang='lat' dir='ltr'><strong>autem</strong></span> <span class='ocrx_word' id='word_1_595' title='bbox 260 4317 451 4376; x_wconf 89' lang='lat' dir='ltr'><strong>misericordia</strong></span> <span class='ocrx_word' id='word_1_596' title='bbox 467 4317 517 4374; x_wconf 87' lang='lat' dir='ltr'><strong>Dei</strong></span> <span class='ocrx_word' id='word_1_597' title='bbox 535 4317 624 4372; x_wconf 84' lang='lat' dir='ltr'><strong>eluxit</strong></span> <span class='ocrx_word' id='word_1_598' title='bbox 638 4334 646 4383; x_wconf 91' lang='lat'>;</span> <span class='ocrx_word' id='word_1_599' title='bbox 661 4326 694 4376; x_wconf 88' lang='lat' dir='ltr'><strong>nt</strong></span> <span class='ocrx_word' id='word_1_600' title='bbox 705 4319 804 4375; x_wconf 88' lang='lat' dir='ltr'><strong>erroris</strong></span> <span class='ocrx_word' id='word_1_601' title='bbox 816 4317 943 4375; x_wconf 90' lang='lat' dir='ltr'><strong>tenebras</strong></span> <span class='ocrx_word' id='word_1_602' title='bbox 1001 4321 1110 4379; x_wconf 89' lang='lat' dir='ltr'><strong>abunde</strong></span> <span class='ocrx_word' id='word_1_603' title='bbox 1125 4337 1174 4395; x_wconf 85' lang='lat' dir='ltr'><strong>per</strong></span> <span class='ocrx_word' id='word_1_604' title='bbox 1186 4321 1277 4377; x_wconf 76' lang='lat' dir='ltr'><strong>lasum</strong></span> <span class='ocrx_word' id='word_1_605' title='bbox 1295 4317 1448 4385; x_wconf 89' lang='lat' dir='ltr'><strong>Christum,</strong></span> <span class='ocrx_word' id='word_1_606' title='bbox 1463 4318 1631 4374; x_wconf 90' lang='lat' dir='ltr'><strong>Salvatorem</strong></span> <span class='ocrx_word' id='word_1_607' title='bbox 1647 4323 1794 4384; x_wconf 89' lang='lat' dir='ltr'><strong>nostrum;</strong></span> 
     </span>
     <span class='ocr_line' id='line_1_70' title="bbox 133 4403 1796 4483; baseline -0.002 -16"><span class='ocrx_word' id='word_1_608' title='bbox 133 4409 292 4478; x_wconf 87' lang='lat' dir='ltr'><strong>evitantes,</strong></span> <span class='ocrx_word' id='word_1_609' title='bbox 316 4408 346 4466; x_wconf 90' lang='lat' dir='ltr'><strong>id</strong></span> <span class='ocrx_word' id='word_1_610' title='bbox 369 4416 421 4475; x_wconf 89' lang='lat' dir='ltr'><strong>est,</strong></span> <span class='ocrx_word' id='word_1_611' title='bbox 437 4405 626 4481; x_wconf 78' lang='lat' dir='ltr'><strong>ignorantiam</strong></span> <span class='ocrx_word' id='word_1_612' title='bbox 640 4413 667 4462; x_wconf 90' lang='lat' dir='ltr'><strong>et</strong></span> <span class='ocrx_word' id='word_1_613' title='bbox 679 4403 844 4476; x_wconf 87' lang='lat' dir='ltr'><strong>impietatem</strong></span> <span class='ocrx_word' id='word_1_614' title='bbox 856 4422 944 4463; x_wconf 92' lang='lat' dir='ltr'><strong>mun-</strong></span> <span class='ocrx_word' id='word_1_615' title='bbox 997 4420 1028 4468; x_wconf 88' lang='lat' dir='ltr'><strong>ut</strong></span> <span class='ocrx_word' id='word_1_616' title='bbox 1039 4409 1185 4483; x_wconf 87' lang='lat' dir='ltr'><strong>justificati</strong></span> <span class='ocrx_word' id='word_1_617' title='bbox 1199 4407 1285 4482; x_wconf 76' lang='lat' dir='ltr'><strong>qratia</strong></span> <span class='ocrx_word' id='word_1_618' title='bbox 1296 4407 1383 4476; x_wconf 89' lang='lat' dir='ltr'><strong>illius,</strong></span> <span class='ocrx_word' id='word_1_619' title='bbox 1398 4405 1520 4463; x_wconf 77' lang='lat' dir='ltr'><strong>harenas</strong></span> <span class='ocrx_word' id='word_1_620' title='bbox 1533 4405 1686 4462; x_wconf 88' lang='lat' dir='ltr'><strong>efficiamur</strong></span> <span class='ocrx_word' id='word_1_621' title='bbox 1701 4421 1796 4462; x_wconf 90' lang='lat' dir='ltr'><strong>secun·</strong></span> 
     </span>
     <span class='ocr_line' id='line_1_71' title="bbox 132 4494 1795 4572; baseline -0.006 -12"><span class='ocrx_word' id='word_1_622' title='bbox 132 4503 281 4560; x_wconf 84' lang='lat' dir='ltr'><strong>danorum</strong></span> <span class='ocrx_word' id='word_1_623' title='bbox 311 4498 456 4572; x_wconf 76' lang='lat' dir='ltr'><strong>fugientes,</strong></span> <span class='ocrx_word' id='word_1_624' title='bbox 487 4496 527 4570; x_wconf 88' lang='lat' dir='ltr'><strong>pii</strong></span> <span class='ocrx_word' id='word_1_625' title='bbox 555 4495 733 4553; x_wconf 92' lang='lat' dir='ltr'><strong>inveniamur</strong></span> <span class='ocrx_word' id='word_1_626' title='bbox 755 4494 784 4550; x_wconf 92' lang='lat' dir='ltr'><strong>in</strong></span> <span class='ocrx_word' id='word_1_627' title='bbox 804 4504 942 4567; x_wconf 89' lang='lat' dir='ltr'><strong>parentem</strong></span> <span class='ocrx_word' id='word_1_628' title='bbox 997 4498 1063 4555; x_wconf 91' lang='lat' dir='ltr'><strong>dum</strong></span> <span class='ocrx_word' id='word_1_629' title='bbox 1091 4514 1167 4571; x_wconf 87' lang='lat' dir='ltr'><strong>spem</strong></span> <span class='ocrx_word' id='word_1_630' title='bbox 1186 4498 1251 4554; x_wconf 81' lang='lat' dir='ltr'><strong>vita</strong></span> <span class='ocrx_word' id='word_1_631' title='bbox 1270 4506 1388 4554; x_wconf 81' lang='lat' dir='ltr'><strong>aterna.</strong></span> <span class='ocrx_word' id='word_1_632' title='bbox 1416 4521 1425 4543; x_wconf 83' lang='lat'><strong>»</strong></span> <span class='ocrx_word' id='word_1_633' title='bbox 1459 4495 1517 4552; x_wconf 89' lang='lat' dir='ltr'><strong>lloc</strong></span> <span class='ocrx_word' id='word_1_634' title='bbox 1545 4494 1648 4552; x_wconf 88' lang='lat' dir='ltr'><strong>bonum</strong></span> <span class='ocrx_word' id='word_1_635' title='bbox 1668 4495 1742 4569; x_wconf 93' lang='lat' dir='ltr'><strong>quod</strong></span> <span class='ocrx_word' id='word_1_636' title='bbox 1768 4495 1795 4550; x_wconf 91' lang='lat' dir='ltr'><strong>in</strong></span> 
     </span>
    </p>
   </div>
   <div class='ocr_carea' id='block_1_18' title="bbox 131 4580 1796 4662">
    <p class='ocr_par' dir='ltr' id='par_1_20' title="bbox 131 4580 1796 4662">
     <span class='ocr_line' id='line_1_72' title="bbox 131 4580 1796 4662; baseline -0.005 -12"><span class='ocrx_word' id='word_1_637' title='bbox 131 4589 276 4650; x_wconf 84' lang='lat' dir='ltr'><strong>omnium</strong></span> <span class='ocrx_word' id='word_1_638' title='bbox 304 4589 402 4658; x_wconf 85' lang='lat' dir='ltr'><strong>Deum,</strong></span> <span class='ocrx_word' id='word_1_639' title='bbox 420 4587 582 4662; x_wconf 69' lang='lat' dir='ltr'><strong>profilentes</strong></span> <span class='ocrx_word' id='word_1_640' title='bbox 602 4601 665 4642; x_wconf 75' lang='lat' dir='ltr'><strong>eum</strong></span> <span class='ocrx_word' id='word_1_641' title='bbox 681 4584 711 4641; x_wconf 85' lang='lat' dir='ltr'><strong>in</strong></span> <span class='ocrx_word' id='word_1_642' title='bbox 725 4581 852 4651; x_wconf 65' lang='lat' dir='ltr'><strong>veritate,</strong></span> <span class='ocrx_word' id='word_1_643' title='bbox 866 4599 946 4656; x_wconf 70' lang='lat' dir='ltr'><strong>quam</strong></span> <span class='ocrx_word' id='word_1_644' title='bbox 962 4580 987 4639; x_wconf 83' lang='lat' dir='ltr'>D</span> <span class='ocrx_word' id='word_1_645' title='bbox 1003 4589 1168 4648; x_wconf 89' lang='lat' dir='ltr'><strong>Christianis</strong></span> <span class='ocrx_word' id='word_1_646' title='bbox 1182 4589 1280 4645; x_wconf 89' lang='lat' dir='ltr'><strong>florere</strong></span> <span class='ocrx_word' id='word_1_647' title='bbox 1294 4586 1451 4656; x_wconf 90' lang='lat' dir='ltr'><strong>videtur,de</strong></span> <span class='ocrx_word' id='word_1_648' title='bbox 1466 4587 1557 4644; x_wconf 87' lang='lat' dir='ltr'><strong>radice</strong></span> <span class='ocrx_word' id='word_1_649' title='bbox 1571 4587 1680 4660; x_wconf 89' lang='lat' dir='ltr'><strong>pietatis</strong></span> <span class='ocrx_word' id='word_1_650' title='bbox 1694 4586 1796 4643; x_wconf 80' lang='lat' dir='ltr'><strong>divinar</strong></span> 
     </span>
    </p>
   </div>
   <div class='ocr_carea' id='block_1_19' title="bbox 130 4671 947 5200">
    <p class='ocr_par' dir='ltr' id='par_1_21' title="bbox 130 4671 947 5200">
     <span class='ocr_line' id='line_1_73' title="bbox 132 4671 946 4751; baseline -0.016 -12"><span class='ocrx_word' id='word_1_651' title='bbox 132 4677 232 4738; x_wconf 90' lang='lat' dir='ltr'><strong>tradit</strong></span> <span class='ocrx_word' id='word_1_652' title='bbox 251 4677 435 4751; x_wconf 76' lang='lat' dir='ltr'><strong>Evangelium</strong></span> <span class='ocrx_word' id='word_1_653' title='bbox 448 4675 514 4734; x_wconf 84' lang='lat' dir='ltr'><strong>Filii</strong></span> <span class='ocrx_word' id='word_1_654' title='bbox 529 4673 605 4748; x_wconf 87' lang='lat' dir='ltr'><strong>ejus:</strong></span> <span class='ocrx_word' id='word_1_655' title='bbox 627 4682 655 4731; x_wconf 87' lang='lat' dir='ltr'><strong>et</strong></span> <span class='ocrx_word' id='word_1_656' title='bbox 670 4681 702 4731; x_wconf 91' lang='grc' dir='ltr'><strong>ιιι</strong></span> <span class='ocrx_word' id='word_1_657' title='bbox 716 4671 801 4745; x_wconf 91' lang='lat' dir='ltr'><strong>hujus</strong></span> <span class='ocrx_word' id='word_1_658' title='bbox 815 4671 854 4728; x_wconf 88' lang='lat' dir='ltr'><strong>rei</strong></span> <span class='ocrx_word' id='word_1_659' title='bbox 869 4687 946 4727; x_wconf 92' lang='lat' dir='ltr'><strong>mer—</strong></span> 
     </span>
     <span class='ocr_line' id='line_1_74' title="bbox 130 4759 946 4840; baseline -0.012 -13"><span class='ocrx_word' id='word_1_660' title='bbox 130 4767 241 4827; x_wconf 88' lang='lat' dir='ltr'><strong>cedem</strong></span> <span class='ocrx_word' id='word_1_661' title='bbox 257 4765 359 4823; x_wconf 88' lang='lat' dir='ltr'><strong>habere</strong></span> <span class='ocrx_word' id='word_1_662' title='bbox 373 4765 522 4840; x_wconf 90' lang='lat' dir='ltr'><strong>possimus,</strong></span> <span class='ocrx_word' id='word_1_663' title='bbox 533 4765 606 4822; x_wconf 91' lang='lat' dir='ltr'><strong>bona</strong></span> <span class='ocrx_word' id='word_1_664' title='bbox 619 4779 702 4838; x_wconf 88' lang='lat' dir='ltr'><strong>opera</strong></span> <span class='ocrx_word' id='word_1_665' title='bbox 716 4763 859 4820; x_wconf 75' lang='lat' dir='ltr'><strong>molamus.</strong></span> <span class='ocrx_word' id='word_1_666' title='bbox 875 4759 946 4830; x_wconf 86' lang='lat' dir='ltr'><strong>Quo·</strong></span> 
     </span>
     <span class='ocr_line' id='line_1_75' title="bbox 134 4853 946 4929; baseline -0.01 -15"><span class='ocrx_word' id='word_1_667' title='bbox 134 4855 229 4914; x_wconf 88' lang='lat' dir='ltr'><strong>modo</strong></span> <span class='ocrx_word' id='word_1_668' title='bbox 250 4855 333 4913; x_wconf 77' lang='lat' dir='ltr'><strong>enim</strong></span> <span class='ocrx_word' id='word_1_669' title='bbox 361 4856 404 4912; x_wconf 93' lang='lat' dir='ltr'><strong>illi</strong></span> <span class='ocrx_word' id='word_1_670' title='bbox 432 4853 478 4929; x_wconf 91' lang='lat' dir='ltr'><strong>qui</strong></span> <span class='ocrx_word' id='word_1_671' title='bbox 502 4853 591 4910; x_wconf 91' lang='lat' dir='ltr'><strong>solum</strong></span> <span class='ocrx_word' id='word_1_672' title='bbox 605 4855 712 4912; x_wconf 89' lang='lat' dir='ltr'><strong>Patrem</strong></span> <span class='ocrx_word' id='word_1_673' title='bbox 730 4853 870 4926; x_wconf 82' lang='lat' dir='ltr'><strong>praedicat,</strong></span> <span class='ocrx_word' id='word_1_674' title='bbox 885 4867 946 4924; x_wconf 93' lang='lat' dir='ltr'><strong>spes</strong></span> 
     </span>
     <span class='ocr_line' id='line_1_76' title="bbox 132 4945 947 5021; baseline -0.01 -14"><span class='ocrx_word' id='word_1_675' title='bbox 132 4949 224 5008; x_wconf 86' lang='lat' dir='ltr'><strong>nulla</strong></span> <span class='ocrx_word' id='word_1_676' title='bbox 239 4956 292 5016; x_wconf 86' lang='lat' dir='ltr'><strong>est,</strong></span> <span class='ocrx_word' id='word_1_677' title='bbox 307 4949 331 5006; x_wconf 87' lang='lat' dir='ltr'><strong>si</strong></span> <span class='ocrx_word' id='word_1_678' title='bbox 346 4965 402 5006; x_wconf 92' lang='lat' dir='ltr'><strong>non</strong></span> <span class='ocrx_word' id='word_1_679' title='bbox 418 4947 579 5021; x_wconf 87' lang='lat' dir='ltr'><strong>profiteatur</strong></span> <span class='ocrx_word' id='word_1_680' title='bbox 589 4947 618 5004; x_wconf 92' lang='lat' dir='ltr'><strong>in</strong></span> <span class='ocrx_word' id='word_1_681' title='bbox 628 4945 847 5004; x_wconf 89' lang='lat' dir='ltr'><strong>eademveritate</strong></span> <span class='ocrx_word' id='word_1_682' title='bbox 861 4953 888 5002; x_wconf 92' lang='lat' dir='ltr'><strong>et</strong></span> <span class='ocrx_word' id='word_1_683' title='bbox 900 4945 947 5002; x_wconf 62' lang='lat' dir='ltr'><strong>lt,</strong></span> 
     </span>
     <span class='ocr_line' id='line_1_77' title="bbox 132 5036 944 5113; baseline -0.014 -11"><span class='ocrx_word' id='word_1_684' title='bbox 132 5043 215 5102; x_wconf 87' lang='lat' dir='ltr'><strong>lium</strong></span> <span class='ocrx_word' id='word_1_685' title='bbox 229 5055 235 5095; x_wconf 91' lang='lat'>:</span> <span class='ocrx_word' id='word_1_686' title='bbox 264 5039 301 5096; x_wconf 86' lang='lat' dir='ltr'><strong>ita</strong></span> <span class='ocrx_word' id='word_1_687' title='bbox 314 5046 341 5098; x_wconf 88' lang='lat' dir='ltr'><strong>et</strong></span> <span class='ocrx_word' id='word_1_688' title='bbox 356 5038 439 5112; x_wconf 86' lang='lat' dir='ltr'><strong>hujus</strong></span> <span class='ocrx_word' id='word_1_689' title='bbox 451 5055 512 5113; x_wconf 81' lang='lat' dir='ltr'><strong>spes</strong></span> <span class='ocrx_word' id='word_1_690' title='bbox 525 5038 627 5095; x_wconf 85' lang='lat' dir='ltr'><strong>frustra</strong></span> <span class='ocrx_word' id='word_1_691' title='bbox 641 5043 691 5106; x_wconf 88' lang='lat' dir='ltr'><strong>est,</strong></span> <span class='ocrx_word' id='word_1_692' title='bbox 717 5036 765 5110; x_wconf 88' lang='lat' dir='ltr'><strong>qui</strong></span> <span class='ocrx_word' id='word_1_693' title='bbox 779 5037 865 5092; x_wconf 90' lang='lat' dir='ltr'><strong>solam</strong></span> <span class='ocrx_word' id='word_1_694' title='bbox 880 5049 944 5109; x_wconf 91' lang='lat' dir='ltr'><strong>pro·</strong></span> 
     </span>
     <span class='ocr_line' id='line_1_78' title="bbox 132 5125 791 5200; baseline -0.014 -8"><span class='ocrx_word' id='word_1_695' title='bbox 132 5131 295 5192; x_wconf 79' lang='lat' dir='ltr'><strong>fossionem</strong></span> <span class='ocrx_word' id='word_1_696' title='bbox 312 5129 377 5189; x_wconf 88' lang='lat' dir='ltr'><strong>fidei</strong></span> <span class='ocrx_word' id='word_1_697' title='bbox 392 5129 475 5188; x_wconf 89' lang='lat' dir='ltr'><strong>habet</strong></span> <span class='ocrx_word' id='word_1_698' title='bbox 489 5129 548 5186; x_wconf 88' lang='lat' dir='ltr'><strong>sine</strong></span> <span class='ocrx_word' id='word_1_699' title='bbox 561 5126 641 5185; x_wconf 91' lang='lat' dir='ltr'><strong>honis</strong></span> <span class='ocrx_word' id='word_1_700' title='bbox 650 5125 791 5200; x_wconf 87' lang='lat' dir='ltr'><strong>operibns.</strong></span> 
     </span>
    </p>
   </div>
   <div class='ocr_carea' id='block_1_20' title="bbox 133 5277 944 5577">
    <p class='ocr_par' dir='ltr' id='par_1_22' title="bbox 133 5277 944 5577">
     <span class='ocr_line' id='line_1_79' title="bbox 175 5277 942 5358; baseline -0.014 -15"><span class='ocrx_word' id='word_1_701' title='bbox 175 5284 243 5358; x_wconf 86' lang='grc'><strong>(89)</strong></span> <span class='ocrx_word' id='word_1_702' title='bbox 272 5281 374 5339; x_wconf 85' lang='lat' dir='ltr'><strong>Eadem</strong></span> <span class='ocrx_word' id='word_1_703' title='bbox 394 5284 474 5340; x_wconf 85' lang='lat' dir='ltr'><strong>Rom.</strong></span> <span class='ocrx_word' id='word_1_704' title='bbox 496 5280 576 5346; x_wconf 76' lang='lat' dir='ltr'><strong>edit..</strong></span> <span class='ocrx_word' id='word_1_705' title='bbox 592 5279 620 5334; x_wconf 82' lang='lat' dir='ltr'><strong>in</strong></span> <span class='ocrx_word' id='word_1_706' title='bbox 632 5277 752 5334; x_wconf 85' lang='lat' dir='ltr'><strong>omuibus</strong></span> <span class='ocrx_word' id='word_1_707' title='bbox 767 5277 942 5347; x_wconf 84' lang='lat' dir='ltr'><strong>obsequentes.</strong></span> 
     </span>
     <span class='ocr_line' id='line_1_80' title="bbox 177 5350 944 5430; baseline -0.014 -15"><span class='ocrx_word' id='word_1_708' title='bbox 177 5356 245 5430; x_wconf 89' lang='grc'><strong>(90)</strong></span> <span class='ocrx_word' id='word_1_709' title='bbox 262 5353 365 5411; x_wconf 87' lang='lat' dir='ltr'><strong>Omnes</strong></span> <span class='ocrx_word' id='word_1_710' title='bbox 374 5355 438 5424; x_wconf 81' lang='lat' dir='ltr'><strong>dit,</strong></span> <span class='ocrx_word' id='word_1_711' title='bbox 450 5352 552 5426; x_wconf 79' lang='lat' dir='ltr'><strong>placito</strong></span> <span class='ocrx_word' id='word_1_712' title='bbox 564 5355 601 5405; x_wconf 81' lang='lat' dir='ltr'><strong>rat</strong></span> <span class='ocrx_word' id='word_1_713' title='bbox 613 5355 637 5405; x_wconf 80' lang='lat' dir='ltr'><strong>rt</strong></span> <span class='ocrx_word' id='word_1_714' title='bbox 647 5350 739 5404; x_wconf 80' lang='lat' dir='ltr'><strong>decora</strong></span> <span class='ocrx_word' id='word_1_715' title='bbox 753 5356 868 5430; x_wconf 78' lang='lat' dir='ltr'><strong>:contra</strong></span> <span class='ocrx_word' id='word_1_716' title='bbox 878 5363 944 5404; x_wconf 89' lang='lat' dir='ltr'><strong>vero</strong></span> 
     </span>
     <span class='ocr_line' id='line_1_81' title="bbox 133 5419 941 5502; baseline -0.016 -16"><span class='ocrx_word' id='word_1_717' title='bbox 133 5445 212 5490; x_wconf 86' lang='lat' dir='ltr'><strong>mss.</strong></span> <span class='ocrx_word' id='word_1_718' title='bbox 245 5441 329 5500; x_wconf 88' lang='lat' dir='ltr'><strong>prope</strong></span> <span class='ocrx_word' id='word_1_719' title='bbox 348 5424 382 5482; x_wconf 85' lang='lat' dir='ltr'><strong>ad</strong></span> <span class='ocrx_word' id='word_1_720' title='bbox 405 5440 490 5480; x_wconf 89' lang='lat' dir='ltr'><strong>unum</strong></span> <span class='ocrx_word' id='word_1_721' title='bbox 508 5421 653 5478; x_wconf 88' lang='lat' dir='ltr'><strong>nobiscum</strong></span> <span class='ocrx_word' id='word_1_722' title='bbox 676 5421 793 5476; x_wconf 90' lang='lat' dir='ltr'><strong>faciunt.</strong></span> <span class='ocrx_word' id='word_1_723' title='bbox 806 5421 844 5502; x_wconf 75' lang='lat' dir='ltr'><strong>llt</strong></span> <span class='ocrx_word' id='word_1_724' title='bbox 857 5419 941 5486; x_wconf 81' lang='lat' dir='ltr'><strong>unfra,</strong></span> 
     </span>
     <span class='ocr_line' id='line_1_82' title="bbox 133 5489 941 5577; baseline -0.016 -19"><span class='ocrx_word' id='word_1_725' title='bbox 133 5519 192 5577; x_wconf 91' lang='lat' dir='ltr'><strong>pro</strong></span> <span class='ocrx_word' id='word_1_726' title='bbox 224 5498 379 5554; x_wconf 79' lang='lat' dir='ltr'><strong>indecorum</strong></span> <span class='ocrx_word' id='word_1_727' title='bbox 400 5513 463 5564; x_wconf 82' lang='lat' dir='ltr'><strong>esse,</strong></span> <span class='ocrx_word' id='word_1_728' title='bbox 487 5493 603 5552; x_wconf 89' lang='lat' dir='ltr'><strong>babetur</strong></span> <span class='ocrx_word' id='word_1_729' title='bbox 628 5491 657 5548; x_wconf 89' lang='lat' dir='ltr'><strong>ln</strong></span> <span class='ocrx_word' id='word_1_730' title='bbox 681 5507 746 5548; x_wconf 88' lang='lat' dir='ltr'><strong>mss.</strong></span> <span class='ocrx_word' id='word_1_731' title='bbox 766 5489 941 5564; x_wconf 79' lang='lat' dir='ltr'><strong>quibusdam,</strong></span> 
     </span>
    </p>
   </div>
   <div class='ocr_carea' id='block_1_21' title="bbox 134 5587 943 5802">
    <p class='ocr_par' dir='ltr' id='par_1_23' title="bbox 134 5587 943 5802">
     <span class='ocr_line' id='line_1_83' title="bbox 134 5587 367 5648; baseline -0.017 0"><span class='ocrx_word' id='word_1_732' title='bbox 134 5587 293 5648; x_wconf 77' lang='lat' dir='ltr'><strong>immobile</strong></span> <span class='ocrx_word' id='word_1_733' title='bbox 304 5603 367 5644; x_wconf 81' lang='lat' dir='ltr'><strong>assa.</strong></span> 
     </span>
     <span class='ocr_line' id='line_1_84' title="bbox 178 5653 943 5733; baseline -0.013 -16"><span class='ocrx_word' id='word_1_734' title='bbox 178 5658 246 5733; x_wconf 81' lang='lat' dir='ltr'><strong>(at)</strong></span> <span class='ocrx_word' id='word_1_735' title='bbox 273 5659 353 5715; x_wconf 83' lang='lat' dir='ltr'><strong>Rom.</strong></span> <span class='ocrx_word' id='word_1_736' title='bbox 372 5656 452 5724; x_wconf 83' lang='lat' dir='ltr'><strong>edit,</strong></span> <span class='ocrx_word' id='word_1_737' title='bbox 466 5655 558 5726; x_wconf 78' lang='lat' dir='ltr'><strong>pierias</strong></span> <span class='ocrx_word' id='word_1_738' title='bbox 569 5653 657 5726; x_wconf 77' lang='lat' dir='ltr'><strong>eisqui</strong></span> <span class='ocrx_word' id='word_1_739' title='bbox 671 5653 749 5711; x_wconf 76' lang='lat' dir='ltr'><strong>nei..</strong></span> <span class='ocrx_word' id='word_1_740' title='bbox 768 5697 774 5710; x_wconf 95' lang='lat'>.</span> <span class='ocrx_word' id='word_1_741' title='bbox 790 5655 841 5710; x_wconf 83' lang='lat' dir='ltr'><strong>sibi</strong></span> <span class='ocrx_word' id='word_1_742' title='bbox 853 5671 943 5726; x_wconf 86' lang='lat' dir='ltr'><strong>popu-</strong></span> 
     </span>
     <span class='ocr_line' id='line_1_85' title="bbox 138 5729 386 5802; baseline -0.028 -11"><span class='ocrx_word' id='word_1_743' title='bbox 138 5737 202 5792; x_wconf 85' lang='lat' dir='ltr'><strong>lum</strong></span> <span class='ocrx_word' id='word_1_744' title='bbox 215 5729 386 5802; x_wconf 76' lang='lat' dir='ltr'><strong>peculiarem.</strong></span> 
     </span>
    </p>
   </div>
   <div class='ocr_carea' id='block_1_22' title="bbox 1000 4675 1796 5114">
    <p class='ocr_par' dir='ltr' id='par_1_24' title="bbox 1000 4675 1796 5114">
     <span class='ocr_line' id='line_1_86' title="bbox 1000 4675 1795 4748; baseline -0.008 -12"><span class='ocrx_word' id='word_1_745' title='bbox 1000 4680 1099 4748; x_wconf 85' lang='lat' dir='ltr'><strong>oritur;</strong></span> <span class='ocrx_word' id='word_1_746' title='bbox 1120 4681 1194 4736; x_wconf 85' lang='lat' dir='ltr'><strong>Deus</strong></span> <span class='ocrx_word' id='word_1_747' title='bbox 1208 4678 1282 4735; x_wconf 89' lang='lat' dir='ltr'><strong>enirn</strong></span> <span class='ocrx_word' id='word_1_748' title='bbox 1298 4675 1488 4734; x_wconf 88' lang='lat' dir='ltr'><strong>misericordia</strong></span> <span class='ocrx_word' id='word_1_749' title='bbox 1501 4691 1550 4732; x_wconf 88' lang='lat' dir='ltr'><strong>sua</strong></span> <span class='ocrx_word' id='word_1_750' title='bbox 1564 4677 1655 4733; x_wconf 76' lang='lat' dir='ltr'><strong>salsos</strong></span> <span class='ocrx_word' id='word_1_751' title='bbox 1670 4691 1720 4732; x_wconf 92' lang='lat' dir='ltr'><strong>nos</strong></span> <span class='ocrx_word' id='word_1_752' title='bbox 1731 4675 1795 4732; x_wconf 91' lang='lat' dir='ltr'><strong>fecit</strong></span> 
     </span>
     <span class='ocr_line' id='line_1_87' title="bbox 1000 4764 1795 4842; baseline -0.009 -17"><span class='ocrx_word' id='word_1_753' title='bbox 1000 4786 1049 4842; x_wconf 93' lang='lat' dir='ltr'><strong>per</strong></span> <span class='ocrx_word' id='word_1_754' title='bbox 1062 4768 1214 4837; x_wconf 88' lang='lat' dir='ltr'><strong>Christum,</strong></span> <span class='ocrx_word' id='word_1_755' title='bbox 1228 4767 1308 4838; x_wconf 83' lang='lat' dir='ltr'><strong>cujus</strong></span> <span class='ocrx_word' id='word_1_756' title='bbox 1323 4765 1410 4840; x_wconf 81' lang='lat' dir='ltr'><strong>gratia</strong></span> <span class='ocrx_word' id='word_1_757' title='bbox 1423 4764 1656 4838; x_wconf 85' lang='lat' dir='ltr'><strong>renati,Spiritum</strong></span> <span class='ocrx_word' id='word_1_758' title='bbox 1671 4772 1795 4822; x_wconf 89' lang='lat' dir='ltr'><strong>sanctum</strong></span> 
     </span>
     <span class='ocr_line' id='line_1_88' title="bbox 1000 4852 1796 4931; baseline -0.009 -17"><span class='ocrx_word' id='word_1_759' title='bbox 1000 4858 1156 4931; x_wconf 87' lang='lat' dir='ltr'><strong>accepimus</strong></span> <span class='ocrx_word' id='word_1_760' title='bbox 1168 4854 1294 4922; x_wconf 90' lang='lat' dir='ltr'><strong>abunde;</strong></span> <span class='ocrx_word' id='word_1_761' title='bbox 1310 4862 1342 4910; x_wconf 89' lang='lat' dir='ltr'><strong>nt</strong></span> <span class='ocrx_word' id='word_1_762' title='bbox 1364 4852 1445 4912; x_wconf 89' lang='lat' dir='ltr'><strong>bonis</strong></span> <span class='ocrx_word' id='word_1_763' title='bbox 1464 4853 1594 4927; x_wconf 88' lang='lat' dir='ltr'><strong>operibus</strong></span> <span class='ocrx_word' id='word_1_764' title='bbox 1608 4853 1691 4910; x_wconf 93' lang='lat' dir='ltr'><strong>inniti</strong></span> <span class='ocrx_word' id='word_1_765' title='bbox 1706 4852 1796 4926; x_wconf 88' lang='lat' dir='ltr'><strong>possi-</strong></span> 
     </span>
     <span class='ocr_line' id='line_1_89' title="bbox 1000 4945 1795 5023; baseline -0.011 -15"><span class='ocrx_word' id='word_1_766' title='bbox 1000 4969 1071 5021; x_wconf 91' lang='lat' dir='ltr'><strong>mus,</strong></span> <span class='ocrx_word' id='word_1_767' title='bbox 1099 4951 1159 5023; x_wconf 87' lang='lat' dir='ltr'><strong>ipso</strong></span> <span class='ocrx_word' id='word_1_768' title='bbox 1186 4965 1237 5006; x_wconf 89' lang='lat' dir='ltr'><strong>nos</strong></span> <span class='ocrx_word' id='word_1_769' title='bbox 1263 4948 1291 5004; x_wconf 91' lang='lat' dir='ltr'><strong>in</strong></span> <span class='ocrx_word' id='word_1_770' title='bbox 1316 4947 1445 5004; x_wconf 91' lang='lat' dir='ltr'><strong>omnibus</strong></span> <span class='ocrx_word' id='word_1_771' title='bbox 1459 4946 1618 5020; x_wconf 84' lang='lat' dir='ltr'><strong>adjuvante,</strong></span> <span class='ocrx_word' id='word_1_772' title='bbox 1633 4954 1664 5002; x_wconf 91' lang='lat' dir='ltr'><strong>ut</strong></span> <span class='ocrx_word' id='word_1_773' title='bbox 1677 4961 1725 5017; x_wconf 86' lang='lat' dir='ltr'><strong>per</strong></span> <span class='ocrx_word' id='word_1_774' title='bbox 1739 4945 1795 5000; x_wconf 80' lang='lat' dir='ltr'><strong>hac</strong></span> 
     </span>
     <span class='ocr_line' id='line_1_90' title="bbox 1000 5035 1794 5114; baseline -0.015 -16"><span class='ocrx_word' id='word_1_775' title='bbox 1000 5039 1273 5114; x_wconf 78' lang='lat' dir='ltr'><strong>haereditatemreqni</strong></span> <span class='ocrx_word' id='word_1_776' title='bbox 1282 5041 1416 5097; x_wconf 87' lang='lat' dir='ltr'><strong>coelorum</strong></span> <span class='ocrx_word' id='word_1_777' title='bbox 1431 5038 1538 5112; x_wconf 88' lang='lat' dir='ltr'><strong>assequi</strong></span> <span class='ocrx_word' id='word_1_778' title='bbox 1550 5035 1794 5112; x_wconf 81' lang='lat' dir='ltr'><strong>possimusQuanr-</strong></span> 
     </span>
    </p>
   </div>
   <div class='ocr_carea' id='block_1_23' title="bbox 896 5125 1794 5206">
    <p class='ocr_par' dir='ltr' id='par_1_25' title="bbox 896 5125 1794 5206">
     <span class='ocr_line' id='line_1_91' title="bbox 896 5125 1794 5206; baseline -0.018 -15"><span class='ocrx_word' id='word_1_779' title='bbox 896 5194 902 5206; x_wconf 73' lang='grc'><strong>,</strong></span> <span class='ocrx_word' id='word_1_780' title='bbox 999 5131 1094 5190; x_wconf 89' lang='lat' dir='ltr'><strong>obrem</strong></span> <span class='ocrx_word' id='word_1_781' title='bbox 1123 5130 1199 5188; x_wconf 87' lang='lat' dir='ltr'><strong>ornui</strong></span> <span class='ocrx_word' id='word_1_782' title='bbox 1218 5129 1365 5186; x_wconf 82' lang='lat' dir='ltr'><strong>devotione</strong></span> <span class='ocrx_word' id='word_1_783' title='bbox 1392 5129 1459 5186; x_wconf 92' lang='lat' dir='ltr'><strong>huic</strong></span> <span class='ocrx_word' id='word_1_784' title='bbox 1486 5129 1600 5202; x_wconf 93' lang='lat' dir='ltr'><strong>obsequi</strong></span> <span class='ocrx_word' id='word_1_785' title='bbox 1626 5125 1794 5183; x_wconf 90' lang='lat' dir='ltr'><strong>debemuset</strong></span> 
     </span>
    </p>
   </div>
   <div class='ocr_carea' id='block_1_24' title="bbox 998 5279 1859 5430">
    <p class='ocr_par' dir='ltr' id='par_1_26' title="bbox 998 5279 1859 5430">
     <span class='ocr_line' id='line_1_92' title="bbox 1036 5279 1794 5362; baseline -0.026 -15"><span class='ocrx_word' id='word_1_786' title='bbox 1036 5290 1095 5362; x_wconf 75' lang='lat'>(92)</span> <span class='ocrx_word' id='word_1_787' title='bbox 1115 5292 1218 5348; x_wconf 88' lang='lat' dir='ltr'><strong>Omnes</strong></span> <span class='ocrx_word' id='word_1_788' title='bbox 1241 5287 1308 5346; x_wconf 87' lang='lat' dir='ltr'><strong>edit.</strong></span> <span class='ocrx_word' id='word_1_789' title='bbox 1330 5303 1392 5344; x_wconf 92' lang='lat' dir='ltr'><strong>cum</strong></span> <span class='ocrx_word' id='word_1_790' title='bbox 1408 5301 1474 5344; x_wconf 86' lang='lat' dir='ltr'><strong>mss.</strong></span> <span class='ocrx_word' id='word_1_791' title='bbox 1490 5281 1642 5347; x_wconf 90' lang='lat' dir='ltr'><strong>nonnullis,</strong></span> <span class='ocrx_word' id='word_1_792' title='bbox 1660 5279 1724 5354; x_wconf 71' lang='lat' dir='ltr'><strong>(lup</strong></span> <span class='ocrx_word' id='word_1_793' title='bbox 1737 5289 1794 5343; x_wconf 78' lang='lat' dir='ltr'><strong>spes</strong></span> 
     </span>
     <span class='ocr_line' id='line_1_93' title="bbox 998 5354 1859 5430; baseline -0.026 -12"><span class='ocrx_word' id='word_1_794' title='bbox 998 5362 1158 5418; x_wconf 77' lang='lat' dir='ltr'><strong>credentium</strong></span> <span class='ocrx_word' id='word_1_795' title='bbox 1174 5361 1217 5417; x_wconf 83' lang='lat' dir='ltr'><strong>sit.</strong></span> <span class='ocrx_word' id='word_1_796' title='bbox 1232 5361 1310 5418; x_wconf 87' lang='lat' dir='ltr'><strong>..cui</strong></span> <span class='ocrx_word' id='word_1_797' title='bbox 1324 5359 1390 5415; x_wconf 83' lang='lat' dir='ltr'><strong>bono</strong></span> <span class='ocrx_word' id='word_1_798' title='bbox 1402 5359 1605 5430; x_wconf 60' lang='lat' dir='ltr'><strong>properantum</strong></span> <span class='ocrx_word' id='word_1_799' title='bbox 1621 5354 1712 5405; x_wconf 78' lang='lat' dir='ltr'><strong>caten</strong></span> <span class='ocrx_word' id='word_1_800' title='bbox 1726 5361 1792 5402; x_wconf 89' lang='lat' dir='ltr'><strong>mss.</strong></span> <span class='ocrx_word' id='word_1_801' title='bbox 1848 5401 1859 5416; x_wconf 29' lang='lat' dir='ltr'><em>A</em></span> 
     </span>
    </p>
   </div>
   <div class='ocr_carea' id='block_1_25' title="bbox 997 5432 1793 5578">
    <p class='ocr_par' dir='ltr' id='par_1_27' title="bbox 997 5432 1793 5578">
     <span class='ocr_line' id='line_1_94' title="bbox 997 5432 1676 5500; baseline -0.022 -8"><span class='ocrx_word' id='word_1_802' title='bbox 997 5442 1029 5492; x_wconf 93' lang='lat' dir='ltr'><strong>ut</strong></span> <span class='ocrx_word' id='word_1_803' title='bbox 1047 5432 1075 5488; x_wconf 90' lang='lat' dir='ltr'><strong>in</strong></span> <span class='ocrx_word' id='word_1_804' title='bbox 1092 5439 1235 5490; x_wconf 84' lang='lat' dir='ltr'><strong>contextu.</strong></span> <span class='ocrx_word' id='word_1_805' title='bbox 1598 5489 1604 5500; x_wconf 44' lang='lat'>‚</span> <span class='ocrx_word' id='word_1_806' title='bbox 1670 5485 1676 5497; x_wconf 43' lang='lat'>‚</span> 
     </span>
     <span class='ocr_line' id='line_1_95' title="bbox 1035 5487 1793 5578; baseline -0.021 -16"><span class='ocrx_word' id='word_1_807' title='bbox 1035 5505 1094 5578; x_wconf 85' lang='grc'><strong>(93)</strong></span> <span class='ocrx_word' id='word_1_808' title='bbox 1118 5507 1159 5562; x_wconf 92' lang='lat' dir='ltr'><strong>Ita</strong></span> <span class='ocrx_word' id='word_1_809' title='bbox 1184 5513 1240 5561; x_wconf 87' lang='lat' dir='ltr'><strong>vet.</strong></span> <span class='ocrx_word' id='word_1_810' title='bbox 1261 5502 1327 5560; x_wconf 91' lang='lat' dir='ltr'><strong>edit.</strong></span> <span class='ocrx_word' id='word_1_811' title='bbox 1353 5516 1385 5556; x_wconf 89' lang='lat' dir='ltr'><strong>ac</strong></span> <span class='ocrx_word' id='word_1_812' title='bbox 1399 5515 1463 5554; x_wconf 89' lang='lat' dir='ltr'><strong>mss.</strong></span> <span class='ocrx_word' id='word_1_813' title='bbox 1480 5496 1536 5551; x_wconf 89' lang='lat' dir='ltr'><strong>fere</strong></span> <span class='ocrx_word' id='word_1_814' title='bbox 1556 5503 1696 5556; x_wconf 80' lang='lat' dir='ltr'><strong>unsversr;</strong></span> <span class='ocrx_word' id='word_1_815' title='bbox 1712 5487 1793 5547; x_wconf 82' lang='lat' dir='ltr'><strong>Ronu.</strong></span> 
     </span>
    </p>
   </div>
   <div class='ocr_carea' id='block_1_26' title="bbox 997 5559 1796 5710">
    <p class='ocr_par' dir='ltr' id='par_1_28' title="bbox 997 5559 1796 5710">
     <span class='ocr_line' id='line_1_96' title="bbox 998 5559 1796 5698; baseline -0.02 -64"><span class='ocrx_word' id='word_1_816' title='bbox 998 5587 1088 5634; x_wconf 89' lang='lat' dir='ltr'><strong>autern</strong></span> <span class='ocrx_word' id='word_1_817' title='bbox 1105 5577 1174 5633; x_wconf 90' lang='lat' dir='ltr'><strong>edit.</strong></span> <span class='ocrx_word' id='word_1_818' title='bbox 1187 5584 1214 5632; x_wconf 89' lang='lat' dir='ltr'><strong>et</strong></span> <span class='ocrx_word' id='word_1_819' title='bbox 1227 5573 1338 5698; x_wconf 85' lang='lat' dir='ltr'><strong>quidam</strong></span> <span class='ocrx_word' id='word_1_820' title='bbox 1353 5585 1431 5635; x_wconf 80' lang='lat' dir='ltr'><strong>mss,</strong></span> <span class='ocrx_word' id='word_1_821' title='bbox 1449 5567 1509 5623; x_wconf 77' lang='lat' dir='ltr'><strong>llus</strong></span> <span class='ocrx_word' id='word_1_822' title='bbox 1533 5559 1618 5625; x_wconf 81' lang='lat' dir='ltr'><strong>mala,</strong></span> <span class='ocrx_word' id='word_1_823' title='bbox 1632 5575 1691 5630; x_wconf 81' lang='lat' dir='ltr'><strong>qno</strong></span> <span class='ocrx_word' id='word_1_824' title='bbox 1704 5559 1796 5618; x_wconf 81' lang='lat' dir='ltr'><strong>inerr-</strong></span> 
     </span>
     <span class='ocr_line' id='line_1_97' title="bbox 997 5636 1635 5710; baseline -0.031 -3"><span class='ocrx_word' id='word_1_825' title='bbox 997 5650 1097 5707; x_wconf 88' lang='lat' dir='ltr'><strong>dulitns</strong></span> <span class='ocrx_word' id='word_1_826' title='bbox 1108 5649 1193 5710; x_wconf 83' lang='lat' dir='ltr'><strong>lubet,</strong></span> <span class='ocrx_word' id='word_1_827' title='bbox 1213 5646 1234 5704; x_wconf 88' lang='lat' dir='ltr'><strong>C</strong></span> <span class='ocrx_word' id='word_1_828' title='bbox 1254 5643 1378 5698; x_wconf 78' lang='lat' dir='ltr'><strong>ristiuuor</strong></span> <span class='ocrx_word' id='word_1_829' title='bbox 1395 5652 1484 5692; x_wconf 78' lang='lat' dir='ltr'><strong>marre</strong></span> <span class='ocrx_word' id='word_1_830' title='bbox 1498 5636 1635 5687; x_wconf 82' lang='lat' dir='ltr'><strong>memorat.</strong></span> 
     </span>
    </p>
   </div>
   <div class='ocr_carea' id='block_1_27' title="bbox 0 0 2044 6183">
    <p class='ocr_par' dir='ltr' id='par_1_29' title="bbox 0 0 2044 6183">
     <span class='ocr_line' id='line_1_98' title="bbox 0 0 2044 6183; baseline 0 0"><span class='ocrx_word' id='word_1_831' title='bbox 0 0 2044 6183; x_wconf 95' lang='lat' dir='ltr'><strong> </strong></span> 
     </span>
    </p>
   </div>
  </div>
 </body>
</html>
