4038 6168
137 237 209 298 1⁰37
589 237 818 299 emanuelem
836 235 1024 300 expositio
1042 243 1079 302 IN
1097 238 1349 305 APOCALYPSIN.
1720 247 1789 312 0008

129 379 242 432 aurum,
264 369 420 436 argentum,
438 361 543 436 lapides
565 366 711 438 pretiosos,
725 365 810 439 ligna,
825 365 932 437 ionum,
947 373 973 433 A
987 371 1143 441 salvandos,
1164 371 1193 428 id
1212 379 1262 441 est,
1286 372 1440 447 perignem
1457 374 1659 448 purgatorium.
1685 376 1721 434 Ει
1736 378 1790 438 boe
1872 381 1877 384 '

130 453 281 528 stipulam;
300 451 520 528 uniuscujusque
533 471 602 528 opus
615 456 697 528 quale
711 454 758 525 sit,
774 455 847 527 ignis
865 473 935 529 pro-
988 460 1045 530 liet,
1059 461 1083 518 si
1099 463 1259 534 agraribus
1274 464 1394 537 peccatis
1415 479 1443 521 se
1470 463 1667 536 abstinuerint,
1693 473 1720 524 et
1742 485 1792 542 per

129 541 208 602 babit
225 541 255 615 (Ι
268 541 334 599 Cor.
349 557 392 612 ιιι,
407 542 465 615 li).
482 567 492 592 ι
512 542 566 599 Sex
579 543 626 600 bic
640 542 733 616 posuit
748 543 862 617 species,
878 553 935 603 tres
990 549 1228 623 eleemosynarnm
1251 551 1425 624 largitionem
1451 552 1505 610 hoo
1531 553 1744 626 promeruerint,
1760 563 1793 612 ut

131 631 280 707 speciosas,
296 637 324 687 et
338 637 393 687 tres
415 629 496 688 viles.
512 629 588 704 Seps
608 648 658 706 per
680 648 778 690 aurum
802 633 937 708 sapientia
990 644 1181 709 postmortem
1197 656 1246 713 par
1260 641 1351 714 ignem
1361 642 1551 714 purgatorium
1562 643 1661 700 salvari
1673 645 1790 717 possint.

131 721 303 794 designatur.
329 718 439 776 Aurum
474 735 559 793 supra
591 721 803 780 fundamentum
833 722 937 781 Christi
991 725 1070 784 Sicut
1097 729 1171 784 enirn
1201 744 1299 786 aurum
1322 730 1396 803 quod
1417 746 1453 787 ex
1476 731 1540 788 aliis
1565 732 1793 805 permistionibus

131 810 262 880 edificat,
276 809 325 885 gui
340 807 504 883 sapientiam
521 827 576 885 que
594 811 663 868 vitia
678 819 815 883 conterat,
830 821 857 870 et
871 814 936 870 vir·
991 816 1137 874 sordidum
1151 817 1282 888 efficitur,
1310 834 1360 891 per
1371 817 1463 892 ignem
1479 828 1629 893 purgatur:
1646 820 1725 877 itaet
1745 821 1793 878 isti

131 912 207 964 tutes
222 903 338 972 nutriat,
354 901 383 957 in
401 901 484 959 corde
503 917 554 959 suo
577 901 714 973 recondit,
731 903 844 960 imitans
857 903 939 961 Psal-
992 903 1150 962 asordihns
1163 921 1232 979 quas
1243 923 1279 962 ex
1289 906 1438 965 mundanis
1452 908 1560 967 actibus
1581 917 1792 981 contraxerunt,

132 994 256 1062 mistam,
272 991 319 1065 qui
334 989 426 1048 dixit:
448 992 500 1048 ‹In
513 991 596 1050 corde
610 1008 672 1050 meo
684 993 817 1050 abscondi
828 991 940 1066 eloquia
992 1008 1040 1066 per
1058 993 1149 1066 ignem
1167 994 1348 1066 mundantur,
1361 1005 1392 1054 ut
1407 996 1485 1072 digni
1499 997 1569 1056 fiant
1584 997 1736 1057 electorum
1743 1015 1793 1058 nu·

133 1091 193 1152 tua,
213 1089 245 1138 ut
267 1096 324 1137 non
343 1095 455 1153 peccem
479 1079 533 1137 tibi
552 1081 641 1152 (Paul.
665 1081 865 1154 cxv111,ll).·
886 1080 938 1138 Per
992 1096 1068 1138 mero
1087 1081 1196 1140 sociari.

132 1180 280 1249 argentum
303 1187 370 1230 uero
394 1187 484 1229 sermo
510 1171 717 1247 praedicationis
744 1171 936 1246 exprimitur:
1030 1185 1122 1259 (vegs,
1145 1188 1202 1261 ὦ.)
1225 1192 1264 1248 Ε)
1289 1191 1336 1263 qm-
1362 1192 1519 1264 goqwgagu,
1538 1210 1649 1264 mmm,
1682 1193 1796 1252 Μῶα)

133 1269 168 1328 00
188 1283 246 1342 000
270 1265 345 1323 idem
369 1265 516 1324 0000000000
539 1264 631 1325 0000οἕ
657 1265 804 1339 ’0000000
826 1261 940 1322 0000000
992 1277 1150 1334 arundinem
1163 1296 1284 1349 aereum,
1300 1287 1332 1337 ut
1347 1282 1484 1340 metiretur
1502 1283 1643 1351 οἰυῑιιιιειη,
1667 1288 1796 1354 etportot

135 1361 246 1438 eloquia
268 1368 353 1431 0300,
376 1367 520 1433 argentum
541 1359 606 1432 0000
628 1359 821 1416 0000000000
849 1355 938 1430 (0000·
993 1365 1061 1436 aas,
1077 1373 1101 1423 et
1113 1384 1229 1427 marum.
1246 1371 1367 1444 Angelus
1384 1371 1432 1446 qui
1460 1371 1624 1446 loquebatur
1636 1372 1797 1431 oumloan-

134 1479 178 1530 xr,
202 1461 242 1534 7),
267 1483 277 1508 ι
306 1456 462 1531 Argentum
489 1472 572 1528 supra
599 1455 812 1513 fundamentum
836 1449 941 1513 Christi
994 1471 1041 1526 ne,
1057 1457 1087 1514 in
1104 1456 1228 1518 hocloco
1239 1459 1380 1520 Christum
1397 1461 1545 1536 significat,
1560 1462 1609 1537 qui
1625 1461 1708 1520 modo
1727 1460 1798 1535 regit

136 1548 265 1618 edificat,
279 1547 328 1622 qui
350 1545 457 1604 bonum
483 1541 558 1618 quod
580 1542 690 1614 didicit,
706 1544 777 1602 alios
795 1541 893 1610 dome:
909 1545 941 1595 ut
995 1562 1091 1604 omnes
1107 1554 1201 1620 gentes
1223 1547 1253 1605 in
1281 1551 1359 1624 virga
1381 1550 1480 1623 ferrea,
1495 1551 1569 1610 sicut
1589 1551 1717 1625 superius
1738 1550 1796 1624 jam

136 1663 183 1705 eos
205 1645 241 1704 ad
261 1643 335 1702 bona
356 1657 439 1714 opera
462 1640 568 1714 agenda
585 1639 727 1715 pertrahat
746 1657 752 1696 :
769 1654 817 1713 per
833 1638 941 1712 lapides
994 1635 1100 1693 dictum
1114 1644 1171 1694 est:
1201 1638 1231 1696 in
1247 1637 1342 1695 futuro
1366 1647 1457 1698 antem
1485 1641 1626 1699 civitatem
1649 1639 1710 1712 Dei,
1736 1656 1797 1714 quaa

136 1743 229 1795 autem
251 1733 385 1808 pretiosos
408 1730 482 1787 bona
504 1745 586 1802 opera
608 1729 797 1802 designantur.
824 1727 942 1802 Lapides
956 1730 979 1792 Β
993 1740 1029 1782 ex
1062 1725 1192 1783 omnibus
1218 1727 1347 1800 gentibus
1374 1729 1524 1798 constabit,
1557 1729 1693 1787 arundine
1716 1744 1800 1788 aurea

136 1825 274 1900 pretiosos
293 1836 376 1894 supra
399 1818 612 1877 fundamentum
628 1817 732 1878 Christi
747 1815 876 1888 edificat,
894 1817 942 1892 qui
996 1815 1137 1874 metietur.
1163 1815 1293 1875 Diximus
1315 1819 1442 1892 superins
1470 1833 1519 1891 per
1547 1818 1654 1893 uirgam
1682 1820 1799 1877 lerneam

136 1915 245 1974 bonnm
268 1912 342 1986 quod
366 1909 455 1981 docet,
470 1907 599 1981 operibus
622 1908 729 1983 implet.
744 1907 814 1964 Sunt
828 1905 941 1980 quidm
997 1905 1173 1980 disciplinam
1189 1909 1334 1982 Evangelii
1344 1925 1402 1967 esse
1417 1909 1596 1984 designatam:
1613 1911 1717 1967 ionum
1733 1924 1800 1969 vero

138 2005 189 2081 qui
215 2003 301 2061 rerba
323 2002 535 2072 exhortationis,
558 2001 660 2077 qnihm
683 2010 795 2060 cataros
820 2001 942 2075 perfecte
997 2011 1079 2069 grave
1101 2004 1142 2053 est
1172 2004 1199 2055 et
1224 1997 1415 2056 durissimum.
1439 2001 1479 2057 De
1499 1999 1604 2058 duritia
1618 2007 1710 2057 autem
1725 2004 1797 2064 581

140 2105 361 2172 instruentum
376 2098 499 2157 habeut:
516 2099 563 2158 sed
578 2116 641 2159 cum
661 2115 690 2156 se
710 2113 758 2171 per
771 2097 845 2154 bona
859 2111 943 2171 opera
998 2091 1083 2164 virga
1093 2091 1187 2150 ferrem
1202 2091 1272 2150 dicit
1283 2094 1419 2151 Dominus
1426 2095 1455 2151 in
1466 2095 1618 2170 Evangelio
1632 2113 1638 2154 :
1660 2099 1763 2155 «Arete
1772 2103 1800 2154 et

139 2201 288 2264 exercent,
316 2191 421 2266 lapides
458 2191 593 2265 pretiosos
620 2207 702 2264 super
731 2187 942 2247 fundamentum
997 2182 1698 2259 unaunaviaest,quaedueitadviram(Murrani,
1712 2186 1796 2260 04).»

139 2284 244 2345 Christi
259 2284 406 2342 aedificant.
421 2285 556 2342 Similiter
573 2293 600 2343 ει
616 2283 663 2359 qui
690 2300 775 2359 parva
797 2285 901 2354 sciunt,
916 2290 944 2340 ει
998 2268 1051 2327 Sed
1065 2269 1137 2328 0000
1147 2269 1280 2328 0000000
1292 2287 1371 2329 00000
1384 2272 1434 2329 Dei
1449 2279 1476 2328 00
1491 2288 1552 2346 0000
1570 2275 1690 2334 00000000
1705 2279 1802 2350 patrie

140 2392 173 2434 gg
191 2376 260 2432 ³15oe
280 2374 393 2444 doeens,
409 2382 553 2449 argentum
579 2375 675 2449 urique
699 2391 780 2447 super
801 2375 943 2433 Chsjspum
999 2375 1110 2416 suavem
1125 2367 1152 2417 et
1181 2361 1269 2419 levem
1303 2361 1379 2431 lacit,
1413 2362 1562 2438 sicutipse
1590 2363 1692 2424 iterum
1715 2367 1801 2425 dicit:

141 2463 295 2533 aedificant:
307 2463 330 2520 si
340 2471 433 2520 tamen
444 2463 574 2538 operibns
584 2464 702 2538 implent
712 2480 752 2533 ea,
763 2480 823 2537 que
834 2463 943 2521 docent.
1006 2471 1015 2496 ⁸
1031 2449 1132 2522 Jugum
1149 2450 1225 2507 0000
1240 2467 1332 2509 meum
1347 2469 1432 2510 00000
1444 2462 1495 2524 030,
1507 2463 1534 2512 00
1549 2471 1620 2513 0000
1633 2471 1726 2513 meum
1742 2456 1802 2514 leve

141 2554 221 2612 hiulti
236 2550 310 2610 enim
324 2553 499 2610 intellectum
514 2570 595 2627 quem
617 2561 792 2626 acceperunt,
805 2551 874 2609 alios
889 2552 944 2609 do—
1001 2537 1163 2611 (0000011,
1179 2540 1238 2613 30).
1253 2565 1264 2590 ι
1286 2541 1372 2613 Virga
1386 2541 1479 2616 itaque
1490 2542 1579 2600 ferres
1592 2544 1622 2600 in
1636 2543 1802 2602 arundinem

141 2645 241 2716 cendo,
265 2663 346 2719 super
369 2645 512 2704 Christum
535 2645 674 2703 aedificant
699 2661 705 2702 :
731 2643 779 2701 sed
801 2658 850 2716 per
873 2641 946 2698 mala
1000 2628 1114 2697 000001»
1142 2645 1266 2698 suavem,
1300 2637 1382 2704 atque
1420 2647 1531 2688 0000001
1565 2632 1801 2704 commutabitur;

142 2753 226 2811 opera
240 2737 387 2794 destruunt
399 2737 427 2794 in
439 2754 477 2808 se,
490 2738 564 2811 quod
579 2737 796 2795 edificaverunt.
810 2739 861 2794 Per
871 2737 945 2808 ligna
997 2716 1067 2814 'quia
1078 2716 1167 2773 00000
1181 2733 1230 2788 000
1242 2717 1388 2789 0000000οι
1403 2734 1472 2791 0000
1485 2734 1536 2791 000
1550 2717 1661 2778 0000οῑ0
1683 2723 1803 2794 0000000·

142 2843 221 2896 vem,
236 2827 331 2885 sgnum
357 2837 439 2902 ,tque
460 2830 602 2902 stipulam,
619 2836 730 2903 peccat,
753 2828 869 2884 minim,
893 2826 947 2884 ge,
1001 2813 1077 2905 runt,
1098 2805 1264 2862 suavitatem
1282 2813 1310 2863 et
1336 2806 1452 2880 gloriam
1478 2815 1637 2882 perpetuam
1656 2809 1801 2884 recipient.

145 2918 301 2992 signantur.
317 2917 370 2975 Sed
386 2919 456 2976 alius
471 2918 629 2977 intellectus
648 2925 700 2988 est,
718 2918 766 2992 qui
777 2934 828 2974 nos
843 2916 877 2974 ab
892 2916 945 2973 hoc
1001 2896 1131 2954 00000000
1147 2911 1214 2953 0000
1229 2894 1372 2954 00000000
1396 2904 1423 2954 00
1436 2907 1528 2971 000000
1542 2897 1612 2972 elus,
1628 2908 1802 2972 0010000οἱ

145 3023 229 3066 sensu
242 3007 387 3077 excludit;
403 3025 459 3065 non
475 3007 549 3066 enim
569 3025 652 3082 super
666 3009 807 3068 Christum
821 3013 943 3080 peccata,
1003 2984 1114 3058 000000
1138 2983 1291 3042 00000000
1319 2986 1480 3060 0000000000
1509 3003 1624 3062 0000010
1650 2989 1801 3064 unicuique

145 3096 338 3156 sedvirtutum
350 3097 943 3174 operaaedificantur.thuandopeccamus,
960 3091 982 3152 l}
1003 3073 1156 3175 0000000000
1171 3076 1308 3133 00000000·
1324 3075 1377 3133 000
1387 3076 1566 3151 0000000000
1576 3078 1658 3136 00000
1672 3087 1724 3149 ‘Ab
1740 3096 1804 3138 01¹¹ss

145 3187 180 3245 ab
193 3185 378 3244 edificatione
392 3203 453 3260 qua
467 3185 500 3243 fit
513 3202 595 3260 super
608 3184 761 3256 Christum,
774 3185 945 3244 resedimus:
1001 3171 1146 3264 00000000
1159 3181 1269 3223 000000
1284 3165 1370 3224 000000
1385 3167 1504 3238 0000000,
1525 3184 1576 3226 000
1594 3176 1688 3242 000000
1702 3177 1729 3228 00
1744 3185 1805 3230 rm¹·

145 3286 173 3335 gg
197 3285 300 3352 quanm
321 3277 431 3351 gravius
453 3293 608 3351 pomus,
630 3282 709 3333 gango
731 3275 843 3349 longius
866 3291 949 3349 gepa„
1002 3269 1064 3310 rum
1076 3253 1247 3326 adjunxerit,
1277 3271 1341 3312 eum
1356 3255 1480 3313 civitatis
1493 3257 1605 3314 nomine
1631 3258 1806 3318 haecomnia

144 3381 251 3425 ramur,
269 3365 322 3424 geg
336 3383 399 3424 ,um
424 3383 473 3441 p„
495 3366 686 3441 poengggngpam
713 3365 747 3423 ,g
769 3364 843 3422 hona
868 3379 950 3437 oper,
1002 3343 1285 3416 comprehendantur.
1306 3343 1411 3404 Verum
1431 3347 1504 3403 sicut
1517 3347 1657 3419 praeterita
1670 3355 1698 3405 et
1712 3348 1806 3405 lutura

143 3456 249 3531 agenda
261 3457 441 3527 recurrimus,
457 3456 492 3514 ad
505 3457 728 3526 aedificationem,
745 3472 806 3530 quae
820 3453 852 3512 fit
867 3469 950 3528 snper
1003 3431 1113 3534 00000ον
1127 3447 1176 3506 000
1189 3438 1282 3506 000000
1297 3433 1424 3508 0000000οι
1439 3434 1637 3508 percivitatem
1653 3453 1719 3511 0000
1731 3436 1807 3496 000000

145 3543 298 3616 chrisum,
323 3530 500 3604 revestimur·
525 3547 675 3605 possumus
701 3561 766 3619 προ
796 3560 846 3620 pgr
874 3544 951 3617 pigna
1003 3539 1069 3593 vin,
1094 3537 1143 3596 per
1159 3537 1253 3582 muros
1269 3539 1334 3581 vero
1347 3525 1606 3584 ceteramultitudo
1621 3526 1746 3584 fidelium
1761 3526 1806 3584 de

145 3640 256 3692 terrena
276 3649 360 3708 opera
382 3636 549 3711 intelligere,
564 3636 631 3694 durn
655 3637 719 3712 quis
743 3643 851 3694 terreno
871 3631 949 3706 operi
1003 3618 1138 3691 0000000·
1178 3618 1232 3678 300
1268 3616 1329 3678 000
1362 3618 1505 3694 00000000
1541 3617 1652 3692 plenius
1692 3617 1808 3676 0000000·

147 3722 263 3794 insistit,
278 3734 311 3783 ut
328 3725 427 3784 habeat
442 3727 516 3786 unde
530 3726 624 3797 vivat:
641 3743 677 3784 ne
701 3725 771 3784 lorte
785 3722 949 3782 necessitate
1003 3714 1088 3766 0000·

41 3881 43 3888 y
145 3813 315 3885 compulsus,
332 3812 419 3871 iurari
433 3815 637 3890 cogatur.Nam
648 3813 799 3889 Apostolus
811 3809 948 3885 precipit,
1041 3812 1133 3886 (Vers.
1146 3813 1204 3887 lt.)
1219 3812 1369 3887 Sequitur:
1395 3814 1433 3871 let
1450 3805 1545 3870 enitor
1558 3813 1587 3868 irs
1600 3811 1705 3884 quadro
1716 3812 1807 3883 posite

146 3913 178 3962 ut
192 3923 256 3963 cnm
271 3906 384 3964 silentio
394 3916 547 3980 operantes,
559 3907 750 3982 unusquisque
760 3919 841 3962 suum
851 3914 950 3976 panem
1004 3909 1052 3968 est,
1067 3907 1093 3958 et
1113 3903 1248 3974 longitudo
1262 3902 1320 3972 ρἰει
1344 3908 1421 3958 tanto
1445 3909 1493 3971 est,
1521 3907 1622 3974 pacato
1635 3906 1660 3957 et
1675 3900 1802 3961 latitudo.

146 3992 297 4051 manducet
306 4012 314 4062 ;
331 3996 485 4053 etiterum:
502 3997 576 4066 «Qui
583 4013 639 4054 non
649 3998 712 4054 vult
719 3990 950 4069 operari,inquit,
1004 3990 1057 4048 Per
1066 3989 1263 4064 quadraturam
1278 3990 1401 4049 civitatis
1418 3991 1553 4064 perfectio
1571 3989 1630 4062 (00)
1645 3996 1806 4046 sanctorum

146 4103 205 4146 non
217 4085 365 4145 manducet
380 4088 439 4162 (80)
458 4089 503 4163 (ll
523 4091 612 4148 l'lreer.
629 4108 671 4160 111,
686 4090 743 4164 00).
760 4112 769 4140 ι
790 4088 843 4145 Per
856 4087 951 4143 lenum
1004 4077 1164 4153 designatur
1175 4099 1183 4149 ;
1195 4079 1360 4154 quadratum
1371 4079 1474 4153 quippe
1487 4077 1607 4151 lapidem
1618 4077 1808 4150 inquamcun-

148 4197 215 4248 ¹uero
242 4195 365 4237 amorem
393 4189 533 4239 terrenum
559 4197 705 4256 possumus
732 4179 866 4254 accipere,
888 4194 952 4237 cum
1005 4184 1058 4243 000
1072 4175 1175 4240 partam
1190 4169 1317 4238 0000000,
1330 4174 1423 4225 000000
1437 4166 1529 4224 00000·
1546 4165 1618 4222 000
1640 4165 1806 4239 0000000001

149 4272 212 4346 quis
234 4286 285 4344 pro
309 4269 409 4328 ellectu
429 4270 522 4328 carnis
544 4285 671 4338 uxorem,
691 4269 775 4339 lilios,
799 4269 953 4340 fratresque
1006 4257 1137 4330 lapidem,
1151 4257 1286 4315 eutaliud
1303 4257 1371 4332 quid
1387 4255 1462 4330 quod
1472 4253 1601 4330 quadrari
1626 4261 1726 4327 potest,
1742 4253 1807 4312 dili·

149 4359 251 4432 diligit.
268 4358 320 4417 Sed
335 4366 362 4416 et
377 4358 431 4419 hoc
446 4359 536 4434 ipsum
547 4360 697 4434 Apostolus
710 4357 885 4430 praecipitet
898 4354 953 4412 viri
1007 4356 1101 4422 genter
1115 4347 1279 4420 inspexeris,
1299 4346 1498 4421 perlectionem
1515 4344 1646 4403 Ecclesia
1660 4346 1733 4402 ineo
1748 4361 1808 4402 esse

149 4464 251 4507 uxores
267 4448 378 4524 (Ephe.
392 4465 433 4518 rr,
448 4448 527 4522 i-i),
538 4463 638 4505 uxores
652 4447 728 4503 viros
743 4444 853 4518 (Epioe.
869 4463 898 4514 v,
909 4444 992 4530 ²5³ss
1007 4437 1144 4511 depictam
1158 4435 1363 4511 deprehendere
1385 4436 1503 4511 poteris:
1520 4434 1603 4492 habet
1628 4449 1746 4509 namque
1758 4451 1808 4492 sex

150 4537 202 4610 08;
220 4539 272 4596 rit.
289 4556 322 4608 11,
340 4539 382 4613 b),
409 4537 463 4596 filii
481 4547 619 4614 parentes,
644 4543 771 4612 parentes
796 4535 870 4592 filios
892 4550 956 4590 suos
1010 4526 1114 4598 iacies,
1137 4534 1201 4584 octo
1223 4542 1349 4595 cornua,
1379 4523 1535 4598 crepidines
1563 4523 1720 4582 duodecim.
1753 4524 1808 4581 Sex

151 4625 278 4700 diligant.
293 4626 345 4684 Per
365 4627 495 4700 stipulam
520 4633 622 4696 autem,
647 4643 693 4684 eos
713 4625 787 4699 ipsos
810 4637 956 4698 possumus
1011 4616 1095 4674 iacies
1119 4615 1316 4690 perlectionem
1345 4615 1536 4673 demonstrant
1562 4612 1700 4672 bonorum
1737 4629 1808 4686 ope-

152 4714 318 4789 intelligere,
342 4716 392 4790 qui
420 4733 469 4790 pro
490 4730 523 4774 eo
549 4714 624 4792 quod
643 4733 690 4775 eos
714 4715 801 4774 libido
824 4711 955 4785 exagitat,
1011 4725 1089 4778 rum:
1106 4709 1171 4783 quia
1197 4709 1323 4768 senarius
1349 4723 1482 4765 numerus
1502 4706 1640 4780 perlectus
1654 4713 1704 4764 ast.
1721 4706 1809 4765 Habet

152 4811 179 4860 et
192 4820 221 4861 se
236 4803 378 4863 continere
392 4821 448 4862 non
468 4813 595 4880 possunt,
610 4821 711 4862 uxores
734 4802 885 4877 accipiunt.
902 4799 957 4858 Sed
1010 4806 1073 4856 octo
1096 4815 1210 4869 cornua,
1235 4814 1271 4855 ex
1291 4795 1392 4872 quibus
1419 4803 1538 4870 quatuor
1564 4795 1675 4865 caelum,
1691 4801 1809 4868 quatuor

152 4899 179 4951 et
192 4894 246 4954 hoc
260 4895 410 4968 Apostolus
422 4895 548 4969 precipit
563 4895 677 4953 dicens:
693 4894 826 4967 «Propter
838 4891 956 4949 iornica.
1009 4897 1111 4947 terram
1126 4887 1289 4961 respiciunt.
1305 4887 1429 4956 Quatuor
1442 4885 1528 4960 igitur
1546 4901 1650 4943 cornua
1662 4884 1809 4958 designant

151 4983 258 5044 tionem
275 4993 367 5042 autem
391 4985 582 5059 unusquisque
604 4999 682 5042 suem
706 5000 823 5042 uxorem
845 4983 956 5052 babeat,
1010 4977 1170 5050 Evangelia,
1185 4993 1246 5052 qun
1261 4976 1449 5050 duplicium:
1476 4973 1542 5048 gnis
1555 4972 1732 5031 dilectionem
1758 4970 1809 5029 Dei

152 5081 180 5132 et
193 5089 365 5148 unaquaeque
381 5091 462 5131 suum
477 5074 569 5131 virum
584 5072 685 5130 habeat
697 5073 727 5144 (l
739 5073 803 5130 Cer.
819 5089 871 5142 un,
886 5071 949 5144 0).»
1010 5074 1038 5123 ει
1050 5065 1170 5139 proximi
1181 5065 1336 5138 specialiter
1349 5063 1554 5124 commendant.
1569 5063 1693 5132 Quatuor
1707 5060 1809 5116 coelum

153 5163 190 5220 Et
203 5162 269 5236 quia
282 5162 351 5220 tales
365 5163 589 5220 conversationes
604 5161 665 5218 sine
679 5159 784 5219 crebris
798 5157 956 5216 offensioni·
1010 5156 1173 5230 respiciunt,
1190 5164 1220 5213 ut
1235 5154 1359 5214 indicent
1381 5155 1470 5212 ileum
1493 5169 1575 5228 super
1589 5151 1684 5210 omnia
1697 5165 1754 5206 esse
1769 5146 1810 5204 di·

156 5249 208 5310 bus
226 5266 285 5310 esse
305 5267 363 5310 non
385 5259 510 5326 possunt,
534 5250 603 5310 dicit
625 5262 674 5326 per
696 5249 788 5323 ignem
809 5249 879 5306 tales
898 5263 957 5306 esse
1010 5245 1168 5319 ligandum:
1184 5252 1303 5321 quatuor
1326 5252 1429 5302 terram¹
1449 5241 1612 5316 respiciunt,
1628 5247 1659 5298 ut
1684 5237 1810 5297 indicent

192 5395 251 5469 (89)
264 5396 303 5453 Et
317 5395 416 5454 iterum
431 5413 440 5452 :
456 5395 509 5479 Qui
523 5411 575 5452 non
589 5396 647 5453 cult
659 5392 778 5478 operari,
792 5391 889 5465 inquit,
903 5407 957 5448 aon
1045 5389 1106 5474 Ι(00)
1136 5389 1237 5473 Omnes
1255 5387 1335 5457 edit,
1358 5384 1485 5470 perfertis
1512 5382 1567 5438 das'
1621 5387 1665 5437 tar
1668 5423 1735 5450 ......
1761 5385 1811 5438 ortt

154 5467 304 5538 madunt,
320 5482 355 5525 ex
373 5483 484 5549 mestun
496 5475 604 5526 textum
620 5473 797 5547 restituitur:¹
809 5480 866 5522 non
879 5479 958 5522 seem
1010 5461 1088 5520 claud
1100 5459 1231 5534 ρειιιριιιό
1243 5459 1376 5532 quadrari
1388 5461 1506 5539 potest...
1524 5453 1566 5510 llo
1584 5459 1608 5509 et
1625 5468 1739 5526 rumque
1763 5467 1810 5508 aaa

154 5537 284 5672 mod
306 5538 425 5602 habetur
443 5537 567 5612 animet
588 5555 752 5615 numaeque
769 5552 860 5597 aarum
878 5551 958 5596 suam
1011 5533 1296 5679 ῗοιῖἷρῶῐῖἔρῃξιαῃιῖε
1320 5529 1515 5607 perfectiones,
1537 5531 1602 5594 etc.;
1630 5539 1697 5586 mss.
1716 5530 1809 5584 auem
