4078 6186
598 3 1226 22 -ᾑῌ-ι-ι--ιῌ--ι
1253 15 1296 24 ιι..-
1312 17 1331 24 -ι

575 307 623 368 DE
642 307 724 370 etun
742 307 882 372 CONTRA
901 307 1062 372 tutanos.
1083 341 1118 354 -
1136 309 1342 372 annoanlo.

356 549 414 636 nn
461 481 797 650 snnnunvuu
838 551 1174 702 nnnnvnvnn
1216 551 1551 640 nuncnunc.
1665 497 1674 504 ’

172 760 234 820 lloc
248 767 330 834 opus,
341 753 413 830 quod
425 760 523 812 contra
535 753 785 828 manuscriptorum
796 761 824 813 at
834 761 958 814 veterum
966 756 1208 817 editionumfidem
1218 759 1336 817 Romani
1351 759 1560 833 inscripsemnt‚
1577 757 1615 814 De
1628 755 1694 814 Filii
1710 754 1777 814 dioi-

138 855 223 912 nitote
244 856 272 908 et
284 844 561 914 messanenses,
576 844 720 904 conditum
735 845 789 904 luit
805 846 937 904 adversus
950 861 995 903 ecs
1014 846 1156 905 hereticos
1170 847 1294 921 quicum
1310 848 1375 906 Filii
1389 848 1572 908 substantiam
1587 863 1650 906 cum
1664 851 1785 921 paterna'

136 943 264 1004 eamdem
279 953 337 998 esse
347 934 547 1005 inficiarentnr,
560 939 696 1018 spendens
707 934 798 1005 illum,
814 935 898 994 idest
913 934 1035 1008 ejusdem
1049 937 1315 1009 substantie,dicere
1330 939 1527 1009 detrectabant
1543 936 1591 996 sed
1607 936 1779 995 conabantur

137 1041 269 1098 inducere
281 1049 378 1094 rocem
393 1039 550 1116 tparanete,
566 1033 650 1094 idest
664 1035 763 1094 similis
777 1033 955 1101 substautiae;
971 1049 1035 1091 eum
1049 1033 1161 1093 interim
1175 1036 1378 1096 amandandum
1392 1054 1409 1094 a
1429 1034 1532 1094 divinis
1546 1034 1707 1095 substantio
1717 1047 1778 1090 ver·

135 1136 215 1203 bum,
243 1131 322 1206 quasi
338 1130 424 1190 sacris
447 1130 554 1205 paginis
567 1131 704 1204 ignotum,
724 1130 931 1190 contenderent.
958 1131 1006 1188 His
1030 1131 1204 1206 Epiphanius
1229 1132 1339 1204 (bures.
1360 1133 1406 1207 di)
1427 1149 1528 1191 nornen
1542 1131 1776 1190 semiarianorum

137 1222 258 1282 inditum
270 1219 381 1279 scribit.
396 1218 449 1278 Ubi
463 1229 560 1279 contra
569 1217 679 1278 eosdem
695 1219 895 1294 proscriptione
905 1219 982 1278 vocis
992 1224 1126 1301 ipoebesoe
1140 1221 1271 1278 Arianam
1284 1222 1411 1279 haeresim
1427 1222 1456 1277 in
1471 1222 1607 1294 integrum
1624 1219 1778 1276 restituen-

138 1317 202 1376 dam
223 1315 352 1390 patefecit
373 1322 470 1375 auctor
491 1315 539 1374 hic
558 1325 660 1387 noster,
680 1316 837 1392 liliumque
857 1318 945 1375 Deum
966 1333 1024 1375 esse
1037 1318 1151 1392 perinde
1168 1335 1201 1378 ac
1214 1320 1321 1378 Patrem
1341 1317 1561 1400 demonstravit:
1575 1315 1728 1374 rationibus
1742 1308 1777 1368 ob

141 1424 209 1483 quas
223 1405 436 1480 expungendum
451 1410 586 1487 ipoobsroa
607 1406 784 1481 disputabant
806 1405 967 1475 adversarii,
987 1405 1129 1466 satisfacit.
1145 1409 1277 1468 Eamdem
1293 1408 1366 1467 banc
1379 1424 1475 1466 vocam
1490 1407 1519 1464 in
1534 1405 1619 1464 sacris
1634 1401 1777 1460 codicibus

123 1505 273 1584 ‚contineri
296 1503 439 1564 ostendit:
460 1511 488 1562 et
510 1505 637 1580 quamvis
656 1520 712 1562 non
733 1504 814 1563 liceat
835 1501 1079 1562 illamsubstantiar
1105 1506 1239 1564 unitatem
1254 1505 1361 1582 liquido
1374 1505 1519 1578 concipere
1532 1512 1613 1576 atque
1627 1498 1777 1572 explicare,
1861 1537 1866 1550 .

138 1594 213 1653 baud
233 1599 327 1652 tantm
349 1599 493 1667 propterea
518 1592 697 1669 respuendam
716 1593 833 1666 prebat;
850 1592 1072 1668 qnandoquidem
1086 1594 1116 1650 in
1136 1596 1279 1662 creaturis,
1294 1595 1368 1669 quod
1381 1595 1407 1652 ei
1421 1591 1574 1666 comparari
1590 1591 1690 1656 valeat,
1704 1583 1777 1643 nibil

138 1685 280 1754 orannim
302 1691 331 1742 et
353 1699 388 1742 aa
402 1685 604 1760 multiplicibus
623 1686 679 1744 illis
693 1685 861 1756 nominibus,
878 1703 938 1760 qua
951 1685 980 1742 in
993 1681 1143 1755 Scriptnris
1161 1682 1227 1755 ipsis
1242 1682 1313 1740 Filio
1331 1682 1503 1752 tribuuntur,
1518 1681 1629 1740 nullum
1643 1685 1684 1735 est
1703 1670 1778 1750 quod

137 1792 195 1838 non
209 1773 303 1850 potius
320 1773 424 1833 indicet
436 1775 558 1850 aliquam
572 1791 586 1833 e
602 1775 727 1849 mysticis
741 1775 818 1834 illins
831 1777 1019 1849 qualitatibus,
1033 1789 1114 1849 quam
1128 1773 1266 1831 infinitam
1285 1781 1390 1831 natura
1401 1772 1505 1830 divina
1524 1770 1694 1844 majestatem
1708 1779 1778 1840 ape-

137 1865 204 1925 riat.
228 1867 315 1924 Docet
337 1873 474 1939 postremo
488 1865 666 1923 distinctione
681 1881 859 1939 personarum
874 1865 987 1924 deorum
1002 1880 1059 1920 non
1073 1862 1169 1922 invehi
1181 1861 1351 1936 pluritatem,
1367 1876 1418 1918 nec
1431 1859 1466 1918 de
1479 1859 1557 1928 Filii,
1575 1858 1659 1917 etiam
1673 1871 1736 1912 cum
1748 1866 1778 1910 se

139 1951 368 2026 conspiciendum
381 1950 497 2011 subinde
509 1953 646 2018 exhibuit.
662 1953 855 2013 invisibilitate
870 1962 918 2013 aut
932 1951 1156 2012 immutabilitate
1167 1951 1317 2028 quidquam
1332 1951 1497 2010 detractum.

180 2043 282 2100 Exstat
289 2040 334 2101 bic
344 2041 411 2100 liber
424 2043 498 2101 inter
509 2042 765 2117 GregoriiNaaianz.
775 2044 856 2115 (orat.
870 2045 918 2117 li)
933 2050 962 2103 at
974 2042 1114 2102 Ambrosii
1127 2042 1226 2114 nostri,
1238 2059 1355 2118 quorum
1369 2041 1480 2115 utrique
1489 2031 1778 2106 ascribitur‚evulgata

146 2133 256 2206 Opera:
279 2131 325 2191 sed
347 2130 419 2205 apud
432 2132 552 2206 priorem
567 2132 739 2205 pretatione,
753 2150 807 2210 qua
819 2136 912 2194 nescio
924 2134 970 2194 cui
985 2133 1179 2193 obscuritatem
1193 2142 1221 2193 et
1233 2134 1441 2209 ambiguitatem
1456 2132 1487 2191 iu
1499 2129 1596 2190 eodem
1612 2125 1706 2184 libello
1719 2121 1779 2182 cri-

140 2221 260 2282 minanti
270 2222 426 2296 respondet,
444 2238 496 2283 ueo
509 2238 566 2281 non
580 2223 687 2298 adjecto
701 2225 779 2284 brevi
793 2228 900 2302 epilogo
915 2227 1088 2306 locupletior,
1109 2235 1217 2307 qualern
1228 2247 1278 2292 nos
1292 2233 1383 2308 ipsum
1398 2235 1634 2304 representamus.

176 2313 230 2382 Qui
245 2313 376 2386 Gregorio
391 2313 517 2371 Nauiann.
532 2313 691 2388 adjudicant
709 2315 762 2375 hoc
772 2317 951 2390 Opnsculnm,
967 2320 996 2377 in
1011 2321 1083 2380 hanc
1096 2321 1253 2395 opinionem
1262 2321 1412 2395 Augustini
1423 2318 1597 2392 potissimum
1616 2309 1780 2372 auctoritate

139 2403 272 2462 adductos
285 2409 402 2461 constat.
418 2401 464 2460 Sic
476 2417 594 2478 namque
608 2403 661 2476 ipsi
675 2404 900 2478 interpretantur,
914 2405 987 2479 tpuod
1002 2408 1050 2466 ille
1060 2407 1159 2467 tradit:
1172 2409 1315 2483 Gregorius
1329 2409 1408 2466 stiorn
1417 2413 1523 2466 senemr
1536 2405 1671 2479 meropes
1688 2400 1780 2460 Orien·

141 2493 203 2551 oss
226 2491 391 2565 ausemano
412 2491 476 2548 anre
498 2493 583 2550 neem
604 2494 891 2563 maurataneae,
914 2497 1020 2568 pmcn
1041 2500 1169 2558 ramnus
1191 2501 1332 2569 ursone,
1347 2500 1414 2556 enus
1427 2497 1513 2570 noge
1526 2511 1585 2553 nm
1598 2509 1650 2566 nuo
1664 2485 1781 2563 inivi

139 2582 237 2654 [orwrn
250 2581 415 2654 bpuebubsr,
429 2579 544 2653 ulicnjus
558 2582 740 2654 conspicabilis
752 2585 870 2642 maurice
883 2585 1052 2658 dispositione
1065 2594 1211 2662 assumpto,
1226 2589 1302 2646 suino
1311 2603 1361 2644 suo
1372 2586 1555 2644 invisibilitate
1567 2580 1654 2639 uideri
1664 2577 1782 2652 potense

142 2668 248 2743 (Epist.
272 2669 335 2740 tte,
356 2683 421 2726 nov.
439 2667 507 2725 edit.
522 2685 600 2728 num.
617 2671 675 2743 lo).
692 2672 889 2732 Verumtamen
902 2676 1051 2750 opponitur
1064 2693 1080 2736 a
1093 2677 1260 2736 virisdcctis
1270 2675 1374 2734 librum
1390 2673 1517 2734 eumdem
1531 2671 1624 2729 Latini
1638 2663 1781 2740 scriptoris

139 2762 230 2821 ictum
251 2761 356 2829 evinci,
371 2776 428 2818 nou
442 2761 526 2820 rnodo
539 2761 716 2835 quodvcrsio
730 2771 912 2840 unusquam
927 2766 1049 2826 Italicam
1063 2768 1199 2834 vocitant,
1216 2765 1275 2825 illio
1288 2765 1408 2833 citetur:
1424 2762 1569 2821 sedetiam
1586 2757 1661 2834 quod
1677 2753 1780 2814 ibidem

138 2855 214 2927 (cap.
230 2849 260 2922 6)
276 2847 367 2920 isthac,
386 2849 529 2924 legantur:
550 2851 628 2910 Ratio
642 2853 762 2924 quodam
775 2871 833 2936 qnae
846 2855 919 2928 epod
933 2857 1037 2917 Graecos
1049 2862 1220 2932 nuncupatur
1234 2861 1311 2938 λόγος
1322 2873 1330 2925 ;
1343 2863 1371 2913 et
1385 2854 1451 2912 item
1465 2853 1519 2911 alia
1533 2852 1597 2910 illa:
1618 2849 1656 2908 Et
1672 2848 1719 2904 boe
1733 2850 1781 2914 cst,

135 2947 213 3022 guod
237 2945 323 3005 Groeci
339 2951 476 3027 ipericius
498 2949 645 3020 oppalient,
660 2949 690 3006 id
712 2957 758 3020 cst,
782 2967 841 3010 enrn
852 2968 905 3009 nno
922 2953 999 3011 uliud
1014 2954 1111 3028 ipsunt.
1126 2953 1176 3012 llis
1189 2951 1259 3012 adde
1271 2954 1364 3010 locum
1381 2948 1529 3021 Augustini
1543 2942 1641 3004 reterri
1654 2954 1732 3016 posse
1746 2937 1782 2996 ad

140 3041 336 3104 indubitatum
360 3043 473 3117 aliquod
497 3043 621 3118 Gregorii
644 3045 770 3104 Naziana.
786 3047 871 3122 Opus,
886 3055 918 3106 ut
931 3057 997 3123 puta
1014 3049 1049 3109 ad
1063 3050 1215 3109 oraticnem
1229 3047 1274 3119 tt,
1289 3047 1338 3106 ubi
1348 3043 1442 3104 eadem
1456 3047 1537 3118 plana
1557 3035 1671 3098 materia
1683 3035 1783 3094 macn-

134 3136 224 3208 gitur.
243 3133 297 3192 Sed
317 3135 389 3192 forte
412 3133 447 3191 ad
470 3133 590 3207 priorem
613 3133 795 3208 objectionem
818 3139 881 3212 quis
902 3138 1064 3212 respondeat
1076 3137 1219 3208 Rufinum,
1234 3153 1316 3212 quem
1333 3135 1393 3193 haec
1406 3135 1496 3209 opella
1509 3132 1686 3204 interpretem
1699 3123 1784 3181 refert

134 3224 214 3299 apud
241 3223 454 3293 Nazianaennm
484 3224 606 3282 mamma
632 3225 663 3284 in
685 3227 825 3285 vertendis
847 3229 949 3287 Graccis
971 3228 1084 3286 licentis
1101 3227 1143 3285 uti
1164 3227 1298 3295 sclitum;
1323 3223 1491 3300 proindeque
1505 3220 1578 3279 nibil
1592 3215 1706 3276 absurdi
1720 3227 1783 3271 eum

134 3313 294 3383 dicturum,
318 3313 422 3387 quiab
445 3312 506 3387 ipso
529 3312 580 3372 bos
604 3313 712 3384 eosdem
734 3315 810 3374 locos
823 3333 856 3374 ea
868 3318 1015 3376 verborum
1030 3317 1119 3374 forma
1132 3315 1254 3374 redditos
1268 3330 1327 3374 mse
1341 3309 1529 3380 affirmaverit,
1546 3321 1628 3381 quam
1642 3302 1677 3362 ad
1691 3298 1783 3360 Latini

133 3401 254 3462 lectoris
268 3409 379 3477 gustum
404 3401 582 3461 existimabat
598 3404 686 3476 magis
698 3407 950 3464 accommodatam:
966 3403 1087 3465 secunda
1100 3419 1166 3462 vero
1179 3402 1288 3462 ratione
1301 3401 1351 3460 vix
1367 3399 1534 3468 monebitur,
1551 3395 1600 3472 qui
1612 3409 1677 3454 onor
1691 3389 1785 3450 verbis

131 3491 289 3565 Augustini
311 3507 393 3567 supra
417 3492 509 3550 citatis
528 3490 606 3550 bunc
620 3492 712 3551 locum
726 3496 847 3552 auctoris
860 3495 948 3553 nostri
963 3497 1159 3571 composuerit,
1176 3497 1224 3555 ubi
1239 3504 1301 3570 post
1313 3494 1428 3552 allatum
1444 3489 1548 3564 llugsis
1565 3503 1629 3546 cnm
1642 3487 1700 3545 neo
1714 3481 1785 3542 iacis

131 3582 168 3640 ad
194 3581 296 3639 inciam
319 3581 458 3656 loquendis
483 3582 641 3655 exemplum
665 3581 775 3640 subdit:
799 3583 837 3642 Et
851 3590 936 3643 macru
949 3584 987 3642 sic
999 3585 1072 3642 uisus
1089 3584 1233 3659 accipitur,
1247 3589 1278 3640 nt
1292 3581 1408 3654 cincius
1421 3576 1652 3652 conspicabilia...
1666 3571 1786 3630 mutarit!

131 3671 312 3746 dispositione
333 3677 471 3745 osrnmptc
493 3672 638 3740 uideretur,
658 3674 734 3731 soleo
749 3673 846 3731 scilicet
858 3675 1039 3732 invisibilitate
1048 3674 1105 3745 eius
1120 3676 1193 3748 (cap.
1210 3671 1252 3746 8).
1267 3671 1337 3741 Quis
1349 3669 1424 3728 enim
1438 3667 1520 3728 iacile
1532 3665 1657 3724 sibimon
1668 3675 1787 3738 persus·

132 3759 204 3821 dsat
218 3761 279 3820 baec
287 3761 347 3834 ipsa
359 3760 390 3820 in
406 3769 496 3820 mente
509 3761 658 3835 Augustini
671 3763 917 3834 prasentiaiuisse,
930 3781 994 3824 cum
1006 3765 1138 3823 scriberet
1151 3762 1317 3838 superiora?

171 3849 256 3919 Quod
277 3865 344 3908 vero
364 3849 400 3910 ad
422 3850 610 3922 Ambrosium,
632 3853 738 3910 clarum
759 3860 800 3911 est
825 3853 936 3927 quidem
951 3853 1017 3913 huic
1029 3854 1180 3930 scriptioni
1194 3863 1222 3912 et
1237 3854 1267 3912 in
1282 3854 1412 3913 omnibns
1425 3853 1546 3929 Operum
1558 3847 1647 3908 sancti
1664 3842 1787 3906 doctoris

132 3936 324 4009 editionibus,
338 3945 367 3996 et
380 3938 411 3996 in
424 3956 489 3998 mss.
502 3941 585 3998 etiam
597 3941 752 4010 nonnullis,
761 3940 885 4013 ejusdem
898 3959 998 4004 nomen
1011 3945 1157 4020 praefixum
1171 3962 1239 4006 csse.
1255 3946 1322 4005 lnde
1332 3955 1373 4005 est
1387 3945 1461 4022 quud
1477 3941 1575 4002 libenti
1584 3940 1678 3998 animo
1691 3934 1786 4010 suspi-

133 4041 270 4085 caremur
293 4041 350 4082 non
364 4026 448 4083 aliurn
471 4045 528 4086 essa
545 4028 651 4088 huncce
675 4030 812 4100 libellum,
834 4047 916 4105 quam
930 4049 993 4090 eum
1008 4035 1056 4109 qui
1070 4034 1110 4091 lis
1123 4035 1219 4093 Fides
1235 4035 1327 4094 Nicaeo
1345 4036 1405 4093 sive
1417 4033 1514 4094 Niccto
1525 4031 1651 4104 episcopo
1665 4024 1787 4083 breviter

138 4114 277 4187 scriptus,
302 4115 478 4172 uoluminibus
496 4119 577 4174 suncti
594 4119 738 4190 Ambrosii,
761 4127 794 4178 ut
823 4121 1000 4180 Casitodorns
1019 4123 1182 4183 testificatur
1199 4123 1263 4197 (lib.
1281 4125 1318 4182 Dc
1337 4124 1400 4182 inst.
1415 4123 1483 4191 din,
1495 4139 1521 4180 o.
1537 4119 1593 4189 lc),
1608 4114 1723 4171 mentua
1736 4114 1784 4182 cst,

141 4215 221 4276 qnos
242 4201 281 4258 od
301 4202 462 4259 Groticnnnt
472 4203 618 4276 principem
637 4207 786 4265 destinauit.
798 4207 852 4268 Sed
870 4226 934 4268 cum
948 4211 1022 4271 idem
1035 4222 1138 4272 asserat
1153 4231 1209 4274 non
1224 4216 1314 4274 solum
1327 4215 1362 4273 de
1375 4215 1454 4272 Patre
1470 4227 1502 4269 ac
1515 4207 1588 4266 Filio
1601 4203 1660 4262 illic
1673 4200 1784 4271 disseri,

133 4305 248 4348 verum
268 4289 354 4347 etism
374 4289 408 4346 de
433 4290 539 4363 Spiritu
560 4301 663 4361 sancto,
686 4295 758 4368 qood
782 4311 845 4355 cum
867 4297 921 4358 boc
934 4299 1007 4358 libro
1027 4301 1119 4362 minus
1132 4304 1274 4373 convenit,
1288 4302 1426 4359 malumus
1438 4298 1514 4356 bunc
1526 4295 1666 4352 maenum
1681 4291 1716 4349 ab
1729 4289 1786 4348 aiio

132 4382 307 4442 existimare
322 4388 480 4439 curantem
496 4381 609 4438 alterius
622 4382 723 4451 locum,
737 4393 764 4442 et
776 4387 917 4446 Ambrosii
931 4407 1033 4450 nomen
1054 4395 1237 4469 usurpaverit,
1253 4394 1324 4452 ratio
1338 4391 1368 4450 in
1382 4391 1511 4464 promptu
1525 4395 1574 4456 est,
1591 4383 1712 4442 mamriae
1726 4378 1786 4440 sei-

134 4473 210 4530 licet
235 4469 372 4544 cogoatio.
384 4469 457 4528 Sunt
474 4477 568 4526 tamen
579 4471 917 4548 praterealeviaqumdam
940 4479 976 4538 ab
990 4481 1173 4541 Ambrosiano
1184 4482 1295 4540 dicendi
1311 4497 1387 4540 more
1406 4495 1462 4538 non
1476 4477 1587 4552 penitus
1599 4473 1787 4542 abhorrentia,

134 4567 212 4635 91¹⁸ss
237 4558 311 4632 (Ιῦοἅ
328 4557 368 4614 ³5²
386 4556 420 4616 di
442 4556 592 4627 haefififfl'i»
614 4555 774 4615 “illiberim
790 4567 915 4631 quomodo
930 4568 1001 4627 illud
1014 4572 1051 4628 ud
1063 4573 1146 4629 clun
1160 4571 1359 4645 intelligentium
1371 4586 1452 4628 senno
1464 4585 1541 4626 sensu
1551 4569 1739 4640 perverterent.
1754 4563 1790 4620 El

134 4647 238 4709 mildi
268 4647 388 4708 Vidiffii
405 4647 568 4721 Phil⁰⁸⁰li¹lb
591 4647 709 4702 uiderint
730 4648 844 4706 noceret
865 4653 988 4730 discipuli
1009 4677 1111 4719 eornm.
1127 4661 1179 4720 Sed
1196 4677 1284 4736 neque
1298 4661 1372 4738 quod
1386 4659 1499 4728 dicitur,
1515 4657 1654 4730 quintium
1667 4671 1737 4713 nnnc
1751 4653 1789 4726 oi,

131 4738 286 4800 ambitione
309 4739 459 4811 etpotentiu
473 4753 563 4810 regnan
576 4738 693 4811 mogins
707 4754 739 4796 cc
753 4738 841 4796 turbes
854 4745 951 4817 oraim,
966 4747 1084 4806 nimium
1097 4750 1132 4807 ab
1147 4751 1294 4812 Ambrosio
1305 4751 1482 4823 discreparet,
1498 4749 1522 4806 si
1537 4755 1671 4807 tractatus
1685 4745 1732 4804 bic
1746 4745 1791 4803 ri-

134 4829 219 4904 gidos
236 4827 368 4896 Arianos,
382 4827 471 4902 qualis
485 4835 543 4885 crat
557 4826 605 4886 ille
618 4827 777 4886 Auxentins
797 4845 813 4888 a
827 4846 882 4907 qno
892 4834 1002 4897 lustina
1014 4839 1128 4916 ejusque
1141 4840 1216 4900 iilius
1230 4841 1441 4900 Valentinianus
1455 4839 1523 4913 imp.
1535 4837 1565 4897 in
1579 4846 1705 4898 sanctum
1721 4831 1790 4892 anti·

133 4921 234 4976 stitesn
257 4915 390 4974 concitati
419 4925 495 4986 sunt,
512 4915 694 4991 impugnaret.
723 4919 755 4977 ln
776 4923 882 4981 caeteris
906 4925 1021 4986 dissidat
1046 4930 1119 4989 idem
1138 4947 1208 5004 opus
1220 4931 1254 4988 ab
1268 4928 1407 4988 Ambrosii
1421 4929 1497 5003 stylo
1510 4935 1539 4986 et
1552 4927 1673 5004 ingenio,
1689 4932 1720 4983 nt
1734 4937 1790 4980 nou

134 5006 223 5066 modo
243 5005 325 5064 illius
347 5011 444 5064 auctor
464 5021 520 5065 non
544 5005 679 5078 videatur,
705 5011 752 5069 sed
776 5028 811 5071 ue
834 5014 969 5090 interpres
983 5016 1106 5090 quidem,
1121 5028 1217 5078 eontra
1233 5035 1314 5094 quarn
1333 5019 1440 5094 opinati
1454 5019 1631 5093 reperiuntur
1644 5007 1784 5074 nonnulli.

134 5095 299 5170 Utrumque
312 5109 378 5154 sane
393 5095 438 5154 vel
448 5110 483 5153 ex
497 5109 529 5154 eo
543 5096 737 5172 colligasssqnod
750 5101 992 5176 Augustinuseum
1007 5106 1037 5164 in
1051 5109 1227 5183 praeceptoris
1238 5109 1282 5167 sui
1291 5109 1403 5183 scriptis
1412 5111 1627 5176 versatissimus,
1638 5112 1696 5161 tum
1706 5096 1786 5156 etiam

135 5185 172 5244 sd
192 5201 263 5244 eum
289 5183 506 5258 praedicandum,
520 5185 596 5243 omni
610 5185 672 5244 data
688 5191 903 5263 opportunitate,
919 5197 1163 5270 propensissimae,
1179 5198 1239 5274 ejus
1253 5210 1346 5260 umen
1361 5217 1418 5260 non
1433 5200 1603 5268 meminerit,
1620 5192 1666 5252 sed
1680 5193 1784 5247 uotum

135 5273 270 5420 ¹Gregorii
286 5273 405 5419 epdswpi
420 5272 577 5332 orientalis.
594 5273 699 5343 Quibus
714 5277 832 5353 adjnuge
847 5281 1004 5342 versionem
1017 5286 1159 5362 biblicam,
1171 5290 1206 5349 ab
1221 5307 1254 5350 ea
1268 5308 1351 5368 quam
1370 5291 1475 5368 ubique
1489 5285 1650 5350 Ambrosius
1663 5270 1784 5335 adhibet,

147 5381 219 5438 onge
234 5379 299 5421 esse
338 5379 464 5425 rversam.

173 5455 206 5512 P.
228 5455 262 5512 F.
290 5451 456 5524 chiffletius,
470 5454 519 5530 qui
541 5449 649 5515 duobus
668 5453 725 5517 illis
739 5457 866 5520 Patribus
887 5473 923 5520 ex
941 5479 1020 5539 aquo
1034 5466 1161 5529 eumdem
1178 5469 1306 5534 libellum
1321 5471 1470 5549 adjudicat,
1485 5463 1608 5524 utillum
1623 5444 1788 5508 tmncoribti

139 5541 247 5617 vigilio
272 5557 335 5613 suo,
360 5541 529 5616 conjecturas
555 5545 671 5620 aliquot,
686 5561 754 5621 quas
767 5547 803 5606 ad
821 5564 880 5609 eam
895 5565 955 5611 rem
968 5549 1155 5614 validissimas
1169 5567 1258 5632 putat,
1279 5559 1311 5618 in
1325 5558 1446 5616 medium
1461 5551 1571 5626 prolsrt.
1588 5539 1788 5598 Verumtamen

140 5627 216 5692 baud
243 5629 329 5690 Acila
347 5645 511 5707 quemquern
535 5632 596 5692 iore
613 5635 816 5707 existimamus,
839 5637 889 5713 qui
911 5639 973 5706 titre
994 5643 1249 5722 mtnmcriptomm
1266 5644 1441 5713 aucuritste,
1465 5637 1524 5696 sius
1543 5624 1690 5698 nriptoris
1702 5625 1791 5690 ullim
