4074 6178
287 293 357 351 1143
796 288 844 342 AD
865 284 981 342 OPERA
1000 281 1028 339 S.
1043 280 1208 340 smuuosn
1228 277 1418 336 APPENDIX.
1825 296 1874 356 qqqq

281 432 385 499 patrem
401 403 509 488 eorum,
522 417 587 477 fecit
602 416 815 491 presbyterium.
832 415 860 473 S.
886 414 1077 472 Sebastianum
1092 415 1118 474 Α
1133 411 1243 468 fortiter
1257 411 1285 468 in
1305 409 1404 466 timore
1418 407 1542 477 Domini,
1555 409 1677 480 perduxit
1698 429 1739 471 eos
1757 418 1786 474 td
1805 437 1876 497 papum

281 521 384 581 autern,
401 511 448 585 qui
461 509 494 566 ad
509 509 661 565 multorum
673 503 885 578 profectumsub
900 504 990 575 specie
1005 502 1076 559 mili·
1133 501 1231 560 Caium
1246 508 1273 558 et
1287 499 1362 557 dixit
1378 517 1384 555 :
1401 497 1576 555 Venerabilis
1596 515 1660 572 papa
1679 517 1707 560 ac
1728 505 1813 566 divine
1829 514 1878 587 legis

281 603 327 661 tias
341 599 451 668 latebat,
467 598 640 656 defensorem
656 595 787 653 Ecclesiae
813 594 947 663 instituit,
964 601 1077 652 ceteros
1131 592 1255 658 antistes,
1270 604 1333 645 ecee
1346 605 1415 662 quos
1429 602 1477 660 per
1491 603 1535 643 me
1550 586 1630 645 hodie
1645 591 1753 650 lucratus
1769 605 1803 652 est
1821 600 1877 659 fbri.

281 709 347 750 vero
360 689 542 747 subdiaconos
557 685 634 743 fecit.
1132 697 1201 756 stus,
1216 687 1245 744 in
1261 687 1361 761 quibus
1376 685 1443 742 fides
1466 701 1536 754 mea,
1554 687 1627 742 velut
1648 689 1777 748 arbuscula
1788 699 1876 774 novella,
1962 735 1963 760 ι

316 791 361 848 89.
377 786 430 844 Sed
443 785 598 860 quie'tutus
625 782 718 839 nullus
738 778 860 836 inveniri
876 785 980 850 poterat
1001 776 1078 833 loeus
1134 779 1255 851 primurn
1270 777 1397 850 prorupit
1413 777 1442 832 in
1456 776 1588 834 fructum.
1599 776 1672 833 Tunc
1685 777 1711 834 S.
1723 779 1792 838 Caius
1803 785 1877 856 epiuu.

281 879 314 937 ad
331 876 461 935 latebram
477 871 678 933 confovendam
705 869 774 943 (88),
791 870 970 925 morabantur
983 882 1079 924 omnes
1135 885 1187 942 pus
1198 866 1349 939 baptizavit
1363 882 1418 935 eos,
1435 866 1489 922 boc
1503 873 1554 934 est,
1572 861 1695 936 juvenem
1716 884 1771 925 cum
1785 875 1877 943 paruuq.

281 967 354 1043 apud
365 967 508 1027 Castulum
521 962 667 1037 quemdam
678 959 866 1019 Christianum
877 957 1009 1016 zetarium
1018 956 1077 1030 (89)
1137 955 1188 1014 bus
1203 957 1270 1026 suis,
1287 956 1345 1013 Deo
1359 955 1458 1030 gratias
1473 954 1631 1012 referentes.

280 1057 395 1132 palatii:
412 1056 460 1130 qui
475 1054 603 1113 Castulus
617 1049 719 1108 ibidem
730 1049 760 1104 iu
771 1047 883 1120 palatio,
899 1044 1078 1119 insuperiori
1438 1088 1552 1149 CAPUT
1573 1088 1625 1146 XX

281 1150 342 1208 loco
357 1155 384 1204 et
402 1143 482 1202 valde
509 1140 645 1200 altissimo
666 1135 866 1196 commanebat.
896 1137 959 1193 ideo
988 1144 1078 1192 autem
1630 1131 1635 1146 ·

282 1238 342 1296 baec
353 1245 418 1308 apta
432 1233 538 1290 mansio
554 1225 732 1303 probabatur,
746 1229 811 1302 quia
825 1237 852 1284 et
879 1225 937 1300 ipse
951 1225 1079 1284 Castulns

281 1345 345 1387 oum
373 1325 430 1382 suis
459 1321 589 1379 omnibus
619 1318 867 1378 christianissimus
880 1324 955 1384 erat3
981 1323 1007 1372 et
1034 1317 1079 1373 lex
1171 1315 1213 1373 73.
1230 1315 1334 1372 Verum
1350 1313 1414 1389 quia
1428 1315 1547 1373 multum
1562 1321 1603 1371 est
1617 1313 1640 1372 si
1661 1315 1769 1372 velimus
1784 1333 1879 1390 eaprcre

282 1419 346 1476 data
358 1416 392 1473 de
402 1412 544 1472 sacrificiis
554 1427 617 1470 cum
632 1409 735 1484 ubique
746 1407 790 1465 sui
805 1408 913 1464 fervore
925 1405 1079 1476 deseviret,
1135 1408 1183 1482 qui
1197 1425 1257 1482 quar
1272 1416 1299 1465 et
1313 1417 1415 1484 quanta
1428 1424 1477 1482 per
1490 1425 1537 1465 eos
1551 1407 1647 1466 feeerit
1660 1407 1784 1478 Christus,
1797 1413 1879 1484 qualiter

1224 1191 1273 1248 SS.
1293 1192 1369 1260 Zoes,
1389 1189 1572 1262 Tranquillini
1585 1195 1609 1245 et
1622 1187 1731 1246 oliorum
1743 1193 1818 1250 aeds.

283 1508 312 1565 in
328 1506 385 1564 illis
399 1505 446 1579 qui
460 1500 758 1578 palatioadhaerebant,
774 1499 840 1572 quia
854 1514 905 1555 nec
916 1497 1037 1570 suspicio
1046 1497 1080 1555 de
1135 1500 1371 1574 unusquisquead
1386 1501 1504 1573 palmam
1526 1499 1653 1573 martyrii
1673 1501 1880 1570 venerit,tantun·
1962 1555 1963 1574 ,

283 1599 323 1656 eis
336 1612 395 1654 esse
408 1602 525 1670 poterat,
541 1593 691 1652 celebatur.
707 1591 796 1646 Erant
809 1604 884 1661 ergo,
901 1594 932 1643 ut
945 1586 1078 1656 diximus,
1135 1589 1217 1647 modo
1231 1591 1412 1664 explicemus.
1428 1589 1591 1649 beatissima
1604 1591 1657 1648 Zoe
1679 1590 1707 1646 in
1729 1591 1877 1664 Apostolorum

283 1703 379 1746 omnes
392 1687 422 1742 bi
437 1691 649 1743 morantescum
665 1686 759 1737 sancto
770 1694 839 1752 papa
854 1677 920 1736 Caio
931 1677 1004 1750 apud
1019 1676 1081 1736 Cas·
1135 1681 1234 1749 natale,
1260 1680 1326 1737 dum
1346 1681 1382 1737 ed
1404 1680 1613 1740 Confessionem
1633 1679 1690 1751 (st)
1715 1677 1778 1735 Petri
1799 1681 1880 1753 apostoli
1962 1711 1963 1714 =

283 1778 374 1835 tulum
388 1777 531 1842 zetarium,
549 1771 579 1828 in
593 1772 660 1844 ipsis
670 1768 861 1843 superioribus
876 1767 985 1840 palatii,
1001 1765 1080 1824 etdie
1095 1775 1119 1836 Β
1134 1775 1234 1837 οιιιιι,
1247 1769 1280 1824 ab
1291 1769 1487 1827 insidiantibus
1501 1767 1615 1842 paganis
1626 1775 1749 1837 arctatur,
1763 1767 1879 1842 duciturque

283 1877 422 1941 noctuque
436 1862 583 1939 gemitibus
591 1878 623 1918 ac
632 1860 753 1928 fletibus,
767 1866 793 1916 et
806 1857 921 1931 jejuniis
931 1865 1012 1932 atque
1022 1874 1080 1914 ora·
1136 1858 1171 1915 ad
1186 1868 1332 1932 patronum
1345 1861 1465 1936 regionis
1479 1859 1656 1917 Naumachia
1678 1859 1744 1932 (92),
1758 1867 1780 1915 ιι
1792 1861 1880 1932 compd-

284 1955 408 2013 tionibus
438 1952 575 2023 occupati,
588 1949 739 2008 exorabant
766 1949 931 2016 Dominum,
946 1957 978 2005 ut
1004 1947 1082 2021 digni
1137 1951 1205 2007 litur
1218 1951 1314 2009 biantis
1328 1953 1485 2010 statunculo
1497 1952 1568 2026 (99),
1582 1949 1656 2024 quod
1668 1951 1723 2008 illic
1736 1951 1882 2020 stabat,tburis

284 2039 613 2122 haberenturtolerautia
631 2039 812 2096 confessionis
827 2038 895 2111 ejus,
912 2037 942 2094 iu
967 2052 1082 2095 numero
1138 2047 1227 2113 guttas
1256 2041 1412 2099 incendere.
1437 2042 1507 2098 Tum
1532 2042 1582 2098 illa
1605 2041 1758 2114 respondit:
1781 2041 1882 2099 liuliereu

284 2143 443 2192 sanctorum
456 2138 610 2203 martyrum
625 2128 734 2186 sociari.
1137 2131 1219 2190 iderti
1233 2131 1388 2190 sacrificare
1411 2131 1591 2204 compellitis,
1618 2139 1648 2188 ut
1661 2129 1794 2188 ostendatis
1805 2131 1882 2186 baren

320 2222 364 2280 70.
386 2218 681 2279 ascendebantautem
709 2217 743 2275 ad
758 2233 804 2274 ecs
825 2217 931 2274 occulte
960 2215 1082 2290 religiosi
1137 2227 1259 2277 vestrum
1276 2218 1440 2278 mulieribus
1454 2219 1589 2278 delectari
1605 2220 1619 2277 i
1637 2219 1690 2276 Sed
1706 2218 1883 2291 illeimpudicis-

285 2313 339 2370 viri
354 2321 381 2370 ιι
395 2312 529 2385 religiose
541 2311 661 2380 feminae,
683 2316 710 2366 et
724 2325 739 2365 a
756 2308 863 2366 Sanctis
877 2308 1000 2365 diversas
1028 2309 1082 2366 sibi
1103 2293 1121 2309 ⁰
1138 2313 1214 2370 simae
1229 2312 1331 2369 Veneri
1356 2312 1448 2386 potuit
1476 2311 1612 2386 pudorem
1641 2311 1749 2384 eripere,
1774 2309 1828 2366 mibi
1841 2325 1884 2363 vero

285 2403 433 2462 sanitatum
449 2401 549 2476 gratias
565 2399 761 2474 impetrabant.
788 2398 984 2458 Corroboratos
999 2415 1083 2455 naur-
1138 2411 1271 2476 tropeum
1284 2400 1348 2458 fidei
1360 2403 1389 2458 in
1403 2402 1493 2459 fronte
1512 2402 1636 2475 portanti
1650 2399 1797 2474 nonpoterit
1809 2413 1883 2472 prava·

285 2511 338 2569 que
355 2510 424 2551 veras
440 2491 505 2549 fidei
518 2490 648 2548 firmitate
666 2498 692 2546 et
702 2488 819 2546 solidato
833 2488 1012 2544 fundamento
1021 2489 1083 2544 vir·
1139 2493 1204 2549 lere.
1219 2493 1280 2550 Non
1294 2493 1369 2548 euim
1381 2509 1430 2565 ego
1441 2496 1510 2549 meis
1525 2501 1694 2550 contraeunt
1709 2489 1801 2548 viribus
1812 2490 1883 2552 lecton

288 2591 391 2652 tutum,
419 2582 568 2639 sanitatum
602 2581 688 2654 gratia
705 2578 929 2652 prosequebatur.
959 2579 1028 2634 Nam
1055 2588 1083 2636 ιι
1139 2581 1186 2639 sed
1200 2581 1230 2639 iu
1248 2583 1361 2639 Domini
1381 2583 1435 2640 mei
1455 2582 1518 2639 lesu
1536 2581 1644 2640 Christi
1667 2581 1761 2637 virtute
1776 2576 1884 2642 enuidens,

288 2689 427 2732 caecorum
442 2672 515 2730 oculi
542 2668 772 2727 illuminabantur
788 2685 883 2725 eorum
907 2669 1044 2742 precibus,
1056 2677 1083 2728 ιι
1139 2679 1166 2730 et
1180 2690 1230 2730 vos
1258 2680 1286 2729 et
1313 2672 1392 2729 illum
1421 2672 1524 2746 pariter
1552 2672 1670 2730 ridendo
1685 2677 1819 2729 contemno.
1835 2667 1885 2722 lunc

288 2762 456 2820 sanabantur
470 2761 585 2831 infirmi,
613 2769 641 2818 et
652 2775 687 2818 ιιι
705 2759 822 2818 obsessis
836 2760 997 2834 corporibus
1031 2760 1083 2818 dae·
1140 2770 1271 2836 patronus
1285 2762 1406 2836 regionis
1417 2763 1493 2819 misit
1507 2779 1566 2819 earu
1584 2763 1615 2818 iu
1630 2760 1771 2819 custodiam
1783 2753 1885 2814 obortis·

286 2868 382 2910 menes
396 2851 579 2926 pellebantur.
1140 2852 1249 2920 simam,
1264 2859 1291 2909 et
1306 2868 1354 2926 per
1367 2852 1489 2928 quinque
1515 2851 1576 2909 dies
1605 2851 1671 2910 fecit
1694 2865 1747 2906 cam
1760 2863 1812 2904 xnec
1823 2846 1886 2902 lumen

326 2945 370 3001 ll.
386 2945 493 3002 Interea
502 2942 568 2999 dum
584 2939 642 2997 haeo
655 2948 785 3010 aguntur,
799 2936 975 2995 transiensli.
988 2937 1085 2995 Tibur·
1140 2943 1245 3012 videre,
1263 2959 1314 3001 nec
1328 2943 1421 3001 cibum
1435 2959 1486 3002 uec
1500 2949 1598 3016 potum
1619 2941 1746 3015 accipere.
1767 2937 1840 2996 Solum
1851 2948 1887 2988 vor

288 3034 345 3091 tius
360 3033 483 3090 occurrit
498 3028 606 3087 bomini
623 3027 671 3102 qui
681 3027 715 3085 de
727 3028 784 3084 alto
808 3029 909 3099 lapsus,
925 3033 953 3083 et
966 3035 1048 3100 caput
1059 3029 1084 3086 ei
1142 3033 1201 3106 ujus
1215 3034 1334 3108 quicum
1357 3034 1417 3092 itliu
1442 3034 1594 3091 incluserat
1621 3032 1774 3090 audiebatur
1788 3024 1886 3084 dicanda:

289 3123 384 3181 omnis
398 3122 521 3180 membra
535 3125 720 3193 quassaverat,
736 3116 774 3174 ita
785 3127 817 3174 ut
828 3117 862 3174 de
874 3117 932 3174 sola
946 3119 1085 3191 sepultura
1103 3139 1124 3201 fl
1140 3113 1309 3182 lbimoricris
1323 3124 1405 3193 fame,
1421 3131 1448 3180 et
1474 3123 1532 3193 siti,
1559 3133 1589 3182 et
1614 3124 1741 3191 cecitate,
1757 3119 1802 3176 uisi
1813 3125 1834 3173 ιι
1844 3112 1887 3170 liba·
1962 3165 1963 3182 ,

288 3212 525 3289 ejusagereuthi,
541 3227 658 3286 quorum
680 3210 755 3267 filius
773 3225 831 3267 esse
864 3210 1084 3284 dignoscebatur.
1141 3223 1230 3274 turam
1245 3215 1435 3289 repromiseris
1450 3215 1516 3272 diis.

288 3307 366 3364 Tunc
382 3304 451 3362 dicit
463 3301 661 3360 eisllentibur:
683 3299 838 3357 Permittite
864 3317 907 3358 me
920 3309 1086 3374 praecantare
1177 3306 1220 3363 ils.
1236 3305 1289 3364 Sed
1305 3323 1368 3363 curn
1384 3305 1597 3378 pertransissent
1613 3322 1661 3362 sex
1674 3304 1729 3362 dies
1741 3302 1887 3375 suggesserunt

290 3395 348 3470 (99)
365 3395 401 3464 ei,
431 3394 549 3451 forsitan
573 3390 748 3465 recuperabit
772 3391 929 3448 sanitatem.
959 3390 1086 3466 Cumque
1142 3397 1175 3455 de
1188 3415 1220 3456 ea
1234 3399 1361 3471 prefecto
1376 3397 1525 3454 sevienti:
1543 3397 1689 3471 quijussit
1711 3409 1791 3452 eems
1809 3389 1890 3448 colloet

289 3503 383 3544 Omssei
398 3484 538 3543 dedissem
561 3483 691 3557 sillium,
720 3481 834 3540 ²⁰⁰0⁵³ll
862 3481 945 3554 juxta
970 3497 1043 3546 eum·
1059 3490 1085 3539 θ)
1142 3490 1252 3564 capillis
1273 3490 1303 3548 in
1318 3489 1444 3547 arborem
1473 3491 1613 3548 excelsam
1641 3485 1765 3562 suspendi
1788 3491 1811 3540 et
1831 3477 1891 3536 suber

289 3576 384 3633 diceus
399 3591 480 3646 supra
494 3575 609 3630 vulnera
624 3572 684 3644 ejus
698 3573 771 3630 lente
791 3571 943 3628 orationem
957 3571 1084 3627 Domini·
1141 3581 1249 3638 fumum
1266 3598 1301 3638 ux
1315 3581 1492 3656 sterquilinio
1519 3579 1658 3638 adhiberi,
1677 3577 1769 3636 suatim
1785 3580 1856 3630 annm
1873 3578 1892 3624 ιι

289 3681 349 3724 Cam
363 3671 390 3720 el
404 3661 575 3734 symbolum,
591 3661 630 3718 lla
644 3660 834 3718 Sollddlasulft
848 3657 988 3730 osseejus,
1004 3669 1084 3718 Olca-
1142 3689 1272 3745 suspensa
1297 3680 1346 3741 est,
1367 3672 1396 3728 in
1412 3671 1587 3730 confessione
1610 3668 1721 3729 Domini
1740 3664 1819 3723 emisit
1835 3655 1892 3731 spll'l·

259 3761 263 3772 ’
289 3759 339 3826 put
353 3758 381 3808 et
394 3751 487 3808 omnia
501 3750 617 3819 viscera,
628 3758 659 3809 ιιι
671 3750 749 3824 quasi
763 3749 836 3806 nibil
846 3750 871 3806 ei
884 3749 1030 3820 evenisset,
1046 3750 1085 3808 ita
1139 3771 1200 3819 qum
1231 3761 1301 3834 (qu),
1324 3762 1370 3819 nli
1394 3769 1488 3818 aurum
1512 3760 1669 3819 autumnus
1690 3771 1783 3830 uurpuu
1794 3751 1841 3824 ujus
1850 3758 1892 3804 suo

289 3842 378 3900 fam
391 3839 428 3898 δὴ
443 3837 601 3896 inwlumis·
1140 3855 1296 3928 ligaverunt
1308 3861 1334 3909 et
1351 3851 1457 3910 'liberis
1476 3852 1555 3910 alveo
1573 3852 1773 3915 immerserunt,
1790 3843 1891 3900 diceutes:

326 3941 369 4000 72.
387 3941 557 4014 llaecitaque
571 3954 634 3997 oum
650 3937 770 4006 fecisset,
787 3936 928 4012 coepitira.
944 3938 1086 4001 'ferebant
1139 3947 1178 4004 lie
1203 3943 1355 4004 Christiani
1382 3959 1482 4018 corpus
1516 3941 1576 4016 eJus
1604 3942 1714 4009 tollant,
1728 3919 1892 3994 etfaciautsili
1962 3937 1963 3944 ¹

289 4043 380 4094 autem
395 4035 476 4092 illum
497 4039 623 4108 parentes
636 4028 696 4103 ejus
709 4029 848 4087 dicentes:
875 4029 946 4088 Veni
961 4038 989 4088 et
1016 4033 1085 4092 babe
1140 4034 1219 4092 illam
1235 4033 1325 4091 deam.

289 4143 351 4185 eum
367 4141 479 4185 servum
505 4133 532 4182 ιι
560 4121 654 4180 omnia
667 4121 740 4179 bona
763 4129 858 4178 nostre
871 4120 923 4179 tibi
950 4122 1085 4182 tradimus
1178 4125 1221 4183 tu.
1238 4124 1327 4197 Igitur
1340 4122 1476 4181 celebrato
1491 4121 1627 4196 martyrio
1642 4119 1710 4192 ejus,
1726 4115 1797 4174 venit
1809 4113 1832 4168 iu
1842 4095 1913 4163 ,oms

288 4232 352 4274 cum
377 4232 420 4285 eo,
451 4214 518 4288 quia
539 4213 628 4286 ipsum
648 4209 775 4278 unicum,
797 4225 878 4284 quem
908 4210 1085 4284 habebamus,
1141 4214 1186 4270 nis
1199 4215 1231 4271 Β.
1247 4213 1416 4282 Sebastiano,
1431 4219 1458 4269 et
1472 4211 1597 4269 narravit
1610 4208 1761 4284 eiqnaliter
1772 4195 1893 4271 martyriali

288 4306 370 4365 uobis
390 4305 447 4378 jem
471 4315 611 4362 mortuum
631 4302 776 4361 reddidisti
802 4302 909 4360 vivum.
932 4303 1005 4361 Dicit
1026 4307 1084 4364 eis:
1142 4303 1255 4362 Domini
1268 4302 1441 4375 suscepisset.
1456 4301 1536 4370 Quod
1558 4318 1623 4359 cum
1645 4301 1776 4356 narrasset
1796 4291 1819 4348 S.
1837 4282 1894 4343 Stil·

289 4395 319 4452 si
332 4410 364 4450 ea
384 4410 444 4468 quat
471 4393 552 4453 vobis
579 4393 678 4451 dixero
701 4392 830 4458 feceritis,
848 4392 940 4466 magni
968 4395 1086 4486 pendpm
1142 4393 1258 4462 stianus,
1286 4389 1424 4467 proripuit
1452 4407 1480 4448 se
1507 4391 1534 4448 8.
1565 4387 1782 4463 tranquillinus,
1810 4377 1893 4475 ἀῇιιιιῑ

290 4482 443 4541 mercedem
458 4483 585 4541 sanitatis
600 4481 694 4556 hujus.
707 4483 812 4540 Dicunt
834 4481 860 4539 ei
874 4484 1085 4558 parentcsejus:
1101 4504 1126 4563 Ι)
1143 4483 1264 4540 Frminae
1277 4481 1311 4539 ad
1327 4496 1456 4540 coronam
1472 4479 1643 4553 precedam,
1658 4485 1689 4534 ιιι
1702 4471 1767 4549 quid
1783 4455 1894 4558 vivmus}

289 4573 477 4644 Nosmetipsos
503 4572 526 4628 si
553 4589 647 4629 servos
661 4571 760 4629 babere
793 4570 925 4643 digneris,
951 4574 1088 4634 contraire
1142 4575 1202 4646 lpse
1234 4587 1342 4647 quoque
1383 4569 1550 4628 descendeus
1592 4567 1785 4642 Apostolorum
1813 4549 1895 4646 militm

291 4677 347 4720 non
362 4677 525 4734 possumus:
542 4661 609 4736 quin
624 4660 681 4718 imo
695 4668 722 4717 et
736 4667 873 4735 optamus,
900 4661 924 4718 si
938 4662 995 4736 ipse
1006 4663 1088 4737 judi·
1142 4672 1240 4720 octavo
1269 4662 1325 4731 die,
1356 4661 1390 4718 ad
1418 4659 1450 4718 ii.
1478 4659 1557 4716 Pauli
1576 4656 1780 4717 Confessionem
1793 4644 1894 4704 accessi-¹

290 4751 396 4810 caveris
408 4750 535 4824 dignum.
549 4751 627 4808 Tunc
640 4750 849 4824 apprehendens
872 4767 970 4810 manns
979 4769 1085 4825 eorum,
1142 4751 1325 4810 nibilominus
1338 4759 1366 4808 et
1380 4751 1438 4824 ipse
1449 4765 1592 4824 perpessus
1606 4745 1724 4810 insidias
1739 4747 1823 4800 tentru
1833 4727 1895 4822 ιιιΘΙ

291 4841 443 4915 segregavit
457 4840 642 4910 eosaturbis,
665 4847 692 4898 et
723 4840 858 4900 indicavit
889 4843 927 4900 eis
955 4845 1086 4903 virtutem
1141 4843 1273 4915 apopulo
1286 4840 1422 4916 lapidatus
1437 4847 1563 4897 mortuus
1582 4845 1624 4895 cst
1637 4834 1709 4909 (et),
1724 4839 1749 4890 el
1766 4827 1895 4899 willelm

292 4931 414 4990 nominis
428 4930 540 4990 Christi.
568 4933 604 4990 Et
618 4930 716 4989 videus
739 4933 862 4991 animum
878 4948 971 4991 corum
1000 4934 1088 4992 fixum
1141 4931 1273 4991 'liberino
1287 4931 1388 5006 gurgiti
1404 4929 1590 5003 mancipatum
1607 4933 1661 4985 est-

341 5094 388 5165 88)
403 5095 453 5152 bls.
467 5094 542 5166 liip,
558 5093 742 5150 contuendam.
1142 5095 1195 5154 boc
1207 5101 1283 5153 trans
1296 5095 1417 5154 Tiberim
1431 5101 1536 5167 gestum
1551 5098 1654 5160 censet,
1685 5093 1712 5146 et
1733 5097 1797 5164 avet
1818 5077 1894 5157 uerat

341 5167 390 5240 89)
406 5165 479 5235 Quid
504 5173 569 5223 aete
592 5165 648 5222 sint
673 5172 721 5221 aut
735 5171 815 5234 aete,
848 5165 948 5239 quibus
971 5166 1088 5224 ιιιιιίιιι
1142 5175 1203 5224 tono
1230 5168 1306 5224 certia
1335 5168 1408 5234 teob,
1432 5166 1509 5222 certe
1535 5161 1684 5219 bominibus
1709 5157 1744 5214 ud
1768 5137 1894 5232 ,Marulli

291 5246 413 5311 praetrat,
429 5237 631 5311 supradictum
646 5245 687 5293 est
700 5235 734 5292 ad
748 5253 808 5310 cap.
827 5235 854 5294 3.
1144 5239 1308 5297 Christianos
1325 5238 1468 5302 distinctim
1495 5237 1582 5308 sieque
1609 5240 1639 5290 at
1664 5231 1712 5287 oni
1730 5225 1807 5310 ,Urits
1819 5221 1895 5330 ,99Ψῖ

340 5311 387 5382 99)
401 5311 461 5376 At„
473 5312 632 5374 ιἰιιαιιιαιις
648 5309 698 5377 el.,
713 5309 864 5368 ἀιιαιιιινι.
1138 5313 1230 5384 pluras
1254 5317 1336 5367 assent
1353 5307 1472 5382 profecti
1496 5306 1617 5380 patroni,
1637 5304 1685 5376 qvi
1711 5296 1804 5372 stagvlt
1814 5295 1881 5358 ιιι(π

340 5383 388 5454 91)
403 5380 545 5440 Confessio
560 5387 601 5437 est
626 5395 689 5453 pars
703 5382 825 5438 eeclesiae
852 5379 900 5437 ubi
928 5387 1086 5438 sanctorum
1142 5384 1192 5439 ribi
1207 5383 1354 5439 concredita
1372 5379 1539 5440 Christianos
1557 5377 1733 5448 inquirerent.

292 5469 340 5509 cor
378 5469 408 5510 ra
440 5451 578 5522 uieseuut,
590 5468 623 5509 ae
633 5451 690 5509 fere
702 5450 753 5508 sub
769 5452 868 5525 maJori
880 5452 970 5510 altari.
1176 5454 1226 5526 (93
1254 5454 1312 5525 Ab,
1331 5454 1463 5521 curseto,
1479 5461 1510 5510 ιιι
1524 5465 1614 5524 supra.

308 5468 499 5606 Ι(818))Ρῗιιιιι
515 5524 628 5582 fuerunt
636 5523 669 5606 in
679 5523 751 5606 Urbe
773 5525 953 5605 Naumachia,
982 5522 1088 5607 Diocle·
1191 5525 1225 5583 st
1258 5524 1365 5584 Colitur
1378 5525 1396 5584 d
1409 5524 1464 5582 lul.

293 5603 364 5650 tram
376 5610 487 5667 regione
501 5611 575 5652 nona
586 5613 593 5662 3
606 5596 667 5652 alre
677 5595 876 5652 tertiadecima
886 5611 893 5662 ;
905 5594 967 5652 due
981 5594 1089 5652 decima
1191 5598 1225 5656 95
1253 5596 1338 5655 etot.

292 5673 389 5739 quarta
404 5672 480 5725 trans
495 5665 626 5724 Tiberim.
643 5665 679 5727 Et
688 5666 825 5728 Beronius
839 5681 885 5726 eu.
911 5665 973 5738 286,
988 5683 1016 5724 u.
1043 5669 1087 5740 rt,
