4122 6192
157 289 193 346 et
718 281 900 340 condutta.
921 283 957 340 ΙΝ
976 281 1084 339 arist.
1105 284 1154 340 alt
1174 283 1259 341 ROM.
1785 287 1822 346 66

155 420 183 469 ει
212 411 277 486 qnia
296 425 349 466 nec
369 407 533 464 hominibus
556 408 675 480 placent,
706 408 956 478 ‹contumeliosos,
970 411 995 472 A
1007 407 1067 465 haec
1078 408 1222 465 emendata
1236 409 1348 478 inerint,
1364 411 1444 468 facile
1458 413 1634 485 corrigantur
1647 420 1675 470 et
1710 429 1819 471 morum

158 499 260 572 iuquit,
298 496 445 570 superbos,
485 497 582 564 elatos,
621 497 791 569 inventores,
820 523 829 547 ι
865 498 894 554 id
927 505 967 554 est
1021 495 1099 553 vitia.
1111 495 1225 554 Sublato
1235 499 1308 556 enim
1325 499 1702 576 malitiesernine,nequitiaa
1712 501 1819 560 fructum

156 596 293 656 auctores,
327 589 475 642 mnarum.
514 586 575 642 Non
609 603 673 660 ergo
705 603 814 661 semper
851 589 965 645 malurn.
1022 597 1235 657 arescent;non
1250 591 1324 648 enim
1340 593 1386 650 dat
1402 593 1613 663 arboriructus,
1627 592 1707 667 quus
1721 593 1819 652 excise

158 681 206 738 lsti
222 688 315 738 auteur
338 681 495 736 imitatores
511 679 577 737 facti
593 680 735 754 patrissui
750 681 864 750 diaboli,
881 683 966 740 idolo·
1022 689 1086 737 sunt
1108 679 1213 738 radices
1240 680 1298 752 (66)
1325 686 1373 745 36
1396 683 1464 740 Nam
1483 684 1545 741 ideo
1567 691 1595 740 et
1617 684 1725 758 Moyses
1740 685 1819 758 (Gen.

158 771 250 829 latria
269 771 373 828 malum
402 770 580 838 invenerunt,
611 787 659 843 per
684 772 758 845 quod
785 771 879 828 omnia
899 772 968 829 vitia
1022 793 1082 845 arx,
1098 777 1142 845 tt,
1158 776 1204 850 25)
1216 777 1340 835 Sodomae
1349 788 1376 836 ει
1389 779 1550 838 Gomorrha
1560 788 1635 853 gesta
1645 781 1819 848 memoravit,
1894 833 1898 842 ,

157 865 188 921 iu
215 865 322 922 mundo
350 871 417 922 suut
445 872 521 933 nata,
549 871 577 920 et
600 865 720 938 perditio
745 859 876 922 mbxirna.
898 866 966 922 Nam
1022 867 1195 939 exitiumque
1209 884 1265 924 non
1286 869 1382 937 mouit,
1398 879 1429 926 ut
1452 871 1582 927 timorem
1606 880 1720 945 poneret
1737 869 1821 943 liujus

156 953 296 1024 diabolus,
313 968 395 1028 quern
421 953 456 1010 ab
470 952 555 1009 initio
568 953 715 1027 Scriptura
729 970 840 1026 peecare
854 963 970 1011 testatur
1022 954 1061 1009 rei
1087 955 1216 1012 vitanda.
1232 957 1287 1013 Neo
1301 975 1365 1031 ergo
1381 957 1434 1015 hoc
1448 959 1550 1016 artium
1575 968 1603 1017 ει
1622 959 1821 1018 contaminatio

158 1045 190 1116 (I
200 1044 281 1100 loon.
302 1060 346 1112 111,
360 1043 404 1116 8),
419 1059 576 1117 quanquam
591 1043 747 1116 tyrannice
758 1039 967 1117 praesumptioni
1022 1042 1208 1101 dehonestata
1223 1045 1287 1101 vitae
1309 1047 1343 1103 ab
1364 1063 1396 1104 eo
1415 1048 1583 1118 admittitur,
1608 1049 1657 1123 qui
1682 1049 1711 1106 in
1726 1048 1821 1106 animo

155 1131 279 1202 studeat,
295 1141 459 1189 nontamen
475 1133 505 1190 id
519 1149 603 1190 ausus
618 1142 661 1192 est
674 1134 808 1207 profiteri,
824 1143 856 1191 ut
869 1134 943 1191 dieat
958 1153 964 1194 :
1022 1130 1125 1202 cogitat
1137 1133 1235 1188 Deum.
1798 1187 1804 1201 ,

164 1225 254 1296 «Ego
284 1225 481 1280 sumbone·
508 1224 637 1297 Denique
664 1226 737 1282 inter
766 1233 863 1283 cetera
895 1224 967 1281 dixit
1057 1223 1128 1279 Sunt
1144 1222 1256 1296 quidam
1272 1223 1319 1298 qui
1335 1239 1436 1280 sereos
1450 1240 1506 1282 non
1521 1232 1629 1298 putant,
1643 1227 1666 1283 si
1680 1243 1736 1284 non
1751 1243 1817 1301 ope-

158 1312 196 1369 ad
223 1312 388 1369 Dominam:
421 1340 431 1361 «
458 1313 522 1369 llaec
550 1313 646 1371 omnia
672 1314 742 1370 milri
772 1313 872 1371 tradita
902 1320 966 1370 sunt
1022 1320 1188 1385 renturqnae
1200 1313 1819 1383 malasunt,assentiautautemiacientibus.

159 1401 239 1472 (Lac.
264 1401 383 1473 ιε,6).·
403 1401 466 1458 Non
492 1401 623 1460 dicit:rt
651 1419 697 1459 me
722 1410 805 1471 sunt;
826 1402 881 1473 vel,
907 1417 967 1458 mea
1021 1403 1161 1458 desentire
1186 1409 1278 1460 autem
1300 1412 1351 1473 est,
1374 1403 1408 1472 si,
1430 1420 1493 1462 cum
1510 1403 1821 1479 possitreprebeudere,
1875 1463 1876 1468 ,

155 1498 232 1546 sunt.
249 1490 287 1546 Et
300 1489 330 1545 in
347 1489 419 1547 libro
433 1490 484 1548 iob
498 1499 663 1566 potestatem
684 1493 738 1550 sibi
754 1493 820 1549 dari
841 1490 966 1565 exposcit
1020 1497 1123 1550 taceat:
1141 1503 1189 1550 aut
1211 1492 1325 1550 audieus
1343 1493 1393 1550 has
1421 1493 1538 1563 tabulas,
1561 1494 1698 1554 aduletur,
1724 1494 1821 1552 Sciens

157 1579 219 1651 (106
246 1596 269 1648 r,
296 1580 356 1653 12).
385 1579 568 1648 Quamobrem
596 1583 655 1654 (67)
685 1581 790 1656 pejores
818 1582 863 1640 isti
889 1587 965 1649 sunt,
1021 1581 1094 1639 enim
1117 1584 1244 1657 impurus
1267 1591 1295 1640 et
1317 1583 1455 1656 malignus
1474 1600 1531 1640 non
1544 1585 1665 1662 ignorari
1681 1602 1741 1659 qua
1755 1585 1822 1660 agit,

159 1669 209 1742 qui
225 1685 282 1726 non
296 1676 405 1726 tantum
418 1669 573 1738 elementis,
584 1670 632 1728 sed
647 1680 674 1730 et
687 1671 826 1745 figmentis
840 1673 967 1730 tribuunt
1020 1679 1048 1728 et
1062 1671 1178 1730 minime
1193 1690 1222 1730 se
1242 1673 1336 1742 vitari,
1355 1672 1402 1730 sed
1417 1673 1500 1730 etiarn
1516 1673 1615 1729 honori
1630 1689 1700 1742 esse,
1716 1674 1823 1746 gloria-

157 1757 299 1817 deitatem.
980 1775 1004 1835 Β
1021 1770 1066 1819 tur
1081 1763 1151 1820 forte
1165 1781 1193 1820 εε
1208 1763 1290 1821 talem
1307 1763 1365 1836 (tt)
1380 1781 1385 1819 :
1403 1779 1454 1820 uec
1467 1761 1603 1820 conlundi
1619 1768 1708 1836 potest
1721 1761 1752 1818 in
1767 1761 1822 1828 bis,

197 1849 289 1922 (Vera.
305 1849 365 1922 3l.)
385 1848 566 1907 «Parentibus
580 1865 637 1907 nou
647 1848 838 1909 obedientes·
856 1849 965 1919 Quanta
1019 1853 1128 1930 quando
1144 1854 1221 1911 videt
1245 1853 1335 1911 faveri
1350 1853 1413 1925 sibi,
1434 1859 1461 1910 et
1476 1851 1657 1910 obsecundari
1676 1851 1711 1910 ab
1726 1851 1761 1908 iis
1774 1852 1824 1926 qni

161 1945 255 1997 auem
269 1938 417 1997 insolentia
430 1939 535 2011 arrepti
550 1948 625 2010 sunt,
638 1946 670 1996 ut
685 1956 736 1998 neo
749 1949 876 2014 parentes
889 1955 963 2010 suos,
1019 1959 1075 2001 non
1090 1951 1155 2002 sunt
1167 1944 1254 2012 tales;
1272 1951 1299 2000 et
1314 1943 1354 2000 ita
1367 1951 1419 2014 εει,
1434 1949 1465 2000 ut
1484 1941 1531 2014 qui
1546 1941 1671 1999 fomitem
1684 1941 1824 2015 prebeant

161 2045 234 2103 quos
259 2037 382 2087 aucwres
403 2028 434 2084 in
466 2028 612 2086 nativitate
634 2029 747 2100 habant,
776 2037 964 2104 agnoscerent,
1019 2033 1130 2091 delictis
1151 2034 1283 2090 illorum:
1311 2033 1428 2107 ideoque
1448 2031 1562 2104 dignum
1578 2038 1620 2089 est
1634 2038 1667 2088 ut
1680 2029 1740 2106 pari
1763 2029 1824 2087 eri-

161 2119 266 2193 quique
287 2135 317 2176 se
337 2127 418 2176 natos
432 2119 602 2192 gauderent:
627 2120 692 2178 illos
716 2128 810 2180 tamen
835 2138 883 2196 per
897 2137 966 2195 quos
1020 2123 1095 2180 mine
1118 2123 1158 2180 rei
1185 2122 1350 2180 habeantur.
1367 2121 1438 2180 Sunt
1460 2122 1562 2178 iterum
1577 2121 1635 2190 alii,
1652 2120 1768 2196 quinon
1782 2136 1823 2178 so·

159 2225 220 2266 esse
244 2217 396 2282 coeperant,
421 2208 634 2266 contemnebant
659 2210 741 2284 (68)(
764 2211 828 2274 Ηοε
846 2219 966 2268 estesse
1021 2213 1079 2270 lum
1094 2212 1202 2270 faciunt
1213 2213 1295 2282 mala,
1304 2212 1351 2270 sed
1364 2212 1447 2268 etiam
1458 2209 1637 2270 consentiunt
1646 2210 1822 2281 facientibus,

159 2299 218 2356 siaa
230 2300 376 2368 intellectu,
392 2299 448 2355 sine
470 2299 608 2369 ειενίιαιε,
625 2298 672 2356 sed
687 2301 757 2368 llei3
776 2317 839 2357 nam
855 2307 915 2357 erat
937 2300 967 2356 in
1021 2311 1053 2359 ut
1074 2318 1131 2359 non
1153 2303 1243 2358 solum
1261 2300 1374 2371 iaciant,
1391 2301 1439 2358 sed
1463 2308 1490 2358 ει
1513 2299 1617 2358 talibus
1638 2298 1822 2358 consentiant.

159 2391 226 2448 illos
239 2389 362 2447 ebaritas
377 2389 477 2448 caruis.
496 2389 540 2460 lli,
556 2387 607 2449 Dei
619 2391 757 2464 iustitiam
772 2398 967 2466 cognoscentes
1021 2392 1130 2465 Duplex
1154 2407 1219 2466 ergo
1243 2391 1344 2451 borum
1367 2399 1408 2449 est
1429 2391 1573 2467 nequitia:
1597 2407 1655 2449 non
1677 2392 1751 2449 enirn
1766 2400 1824 2449 tarn

160 2496 211 2554 per
228 2479 315 2554 legem
339 2487 445 2537 nature
460 2479 615 2554 (sciverant
636 2481 710 2538 enim
727 2481 786 2540 hec
799 2483 857 2539 Deo
873 2481 967 2555 displi·
1023 2481 1089 2537 mali
1102 2488 1177 2550 sunt,
1195 2482 1242 2556 qui
1257 2481 1375 2552 iaciunt,
1392 2490 1419 2540 et
1433 2479 1602 2539 iacientibus
1610 2480 1822 2549 contradicaut;

160 2591 234 2646 cere,
261 2574 311 2633 aad
333 2574 363 2631 in
388 2573 481 2631 animo
501 2590 603 2649 ponere
624 2577 785 2646 uoluerunt,
808 2575 967 2645 «Quoniam
1023 2571 1140 2628 seientes
1154 2570 1229 2628 enirn
1244 2571 1359 2641 nefaria,
1375 2587 1432 2628 non
1455 2571 1502 2627 illa
1527 2569 1672 2629 vindicant
1687 2571 1746 2644 (et)
1760 2588 1766 2627 :
1780 2567 1824 2626 illi

163 2665 214 2740 qni
239 2663 300 2722 hanc
323 2672 420 2738 agunt,
436 2663 517 2736 digni
541 2670 608 2722 sunt
630 2668 769 2739 martel„
792 2665 968 2741 usqueadeo
1023 2676 1089 2717 vero
1112 2670 1169 2718 tam
1192 2660 1356 2735 nequissimi
1380 2669 1454 2730 sunt,
1470 2660 1518 2734 qui
1532 2668 1560 2716 ει
1574 2660 1691 2729 faciunt,
1718 2669 1746 2718 et
1761 2673 1825 2718 oon·

158 2753 301 2828 justitiam
330 2753 381 2810 Dei
404 2761 603 2827 cognoverunt,
635 2762 667 2811 ut
695 2771 751 2814 non
786 2762 886 2829 negent
910 2753 970 2811 haec
1023 2750 1149 2824 sentiunt
1163 2749 1346 2817 iacientibus,
1365 2759 1397 2808 nt
1410 2751 1561 2807 neolleum
1575 2751 1708 2818 timeant;
1725 2748 1824 2806 sedin·

161 2843 269 2913 omnia,
284 2858 346 2916 quaa
364 2841 479 2912 iaciant,
500 2859 581 2916 poena
596 2842 679 2916 digna
693 2853 722 2902 ει
735 2852 823 2902 morte
843 2845 912 2918 (69).
933 2844 970 2901 Et
1023 2855 1144 2898 crescere
1167 2841 1309 2912 cupientes
1332 2839 1413 2907 mala,
1435 2837 1498 2894 ideo
1521 2837 1579 2894 heo
1603 2837 1718 2894 minime
1732 2834 1823 2893 vindi·

160 2951 217 2990 non
235 2933 323 2990 mlum
346 2933 394 3005 qni
407 2934 512 3005 saciant
524 2952 565 3004 aa,
587 2935 632 2990 aad
655 2935 734 2992 etiarn
746 2935 793 3007 qni
807 2935 970 3007 consentiam
1024 2939 1096 3001 cant,
1113 2939 1144 2989 nt
1158 2929 1292 2988 suadeant
1307 2946 1363 2988 non
1379 2929 1428 2988 illa
1442 2945 1501 2987 esse
1520 2927 1643 2988 vitanda.

163 3024 335 3096 [matos.
349 3025 485 3082 Αεεεεεεε
500 3026 574 3082 euim
591 3026 766 3100 participatio
780 3035 830 3085 est.

205 3115 298 3188 (Vera.
314 3113 373 3187 32.)
391 3115 466 3185 «Qui
481 3131 543 3172 cum
552 3115 691 3188 justitiam
701 3117 750 3173 Dei
765 3119 968 3189 cognovissent,
986 3139 1008 3200 Ο
1339 3135 1455 3200 CApUp
1472 3135 1506 3198 Π,

168 3219 227 3260 uon
250 3203 459 3272 intellexerunt,
476 3205 607 3277 quoniam
626 3205 673 3279 qui
699 3205 758 3262 bec
781 3213 875 3279 agunt,
894 3205 971 3278 digni

169 3301 238 3349 sunt
263 3300 367 3348 morte:
396 3301 424 3350 ει
444 3309 502 3351 uon
525 3294 614 3351 solum
635 3294 742 3352 iaciunt
762 3311 804 3363 ea,
827 3294 971 3352 sedetiam
1063 3291 1155 3366 (Vere.
1175 3291 1212 3363 t.)
1235 3289 1430 3362 «Quapropter
1445 3281 1643 3344 inexcusabilis
1656 3297 1694 3353 es,
1710 3299 1727 3340 o
1741 3279 1826 3340 homo

168 3381 350 3438 consentiunt
385 3382 561 3440 iacientibus.
592 3408 602 3431 ›
647 3383 711 3442 Haeo
756 3383 850 3440 omnia
900 3383 972 3440 mala
1026 3381 1189 3455 omnis‚qui
1211 3379 1330 3453 judicas.
1355 3380 1387 3435 lu
1411 3395 1466 3452 quo
1486 3375 1678 3450 enimjudieas
1695 3375 1825 3442 alterum,

167 3488 270 3545 corpus
295 3479 337 3529 est
363 3481 556 3544 peccatorum
579 3473 624 3530 cui
648 3473 798 3546 mancipati
820 3474 885 3531 iacti
908 3482 972 3532 sunt
1025 3483 1052 3532 te
1080 3476 1171 3548 ipsum
1193 3471 1378 3539 condemnas;
1400 3467 1494 3526 eadem
1509 3469 1583 3525 enim
1598 3467 1665 3541 agia,
1680 3463 1825 3541 quajudi·

169 3562 314 3634 potestatis
331 3561 464 3634 ejusdem,
481 3572 512 3620 ut
537 3562 640 3620 iaciant
655 3563 804 3635 punienda.
820 3564 883 3622 llaec
897 3565 972 3622 enim
1026 3582 1105 3624 aas·
1129 3563 1266 3633 Quoniam
1293 3561 1438 3619 facientem
1454 3559 1584 3632 maligna,
1600 3565 1628 3614 et
1646 3552 1826 3614 consentien-

169 3653 307 3708 malorum
330 3667 413 3708 cansa
435 3669 452 3708 a
474 3651 625 3709 Sodomitis
647 3660 735 3726 caepta
757 3661 798 3710 est
821 3653 972 3712 offensione
1026 3661 1081 3710 tem
1105 3650 1280 3721 iacientibus,
1297 3660 1384 3708 morte
1411 3647 1510 3722 dignos
1530 3645 1670 3714 ostendit;
1693 3659 1729 3700 ue
1753 3642 1825 3699 torte

169 3743 220 3798 Dei
237 3743 310 3799 siout
341 3741 548 3815 supradictum
568 3749 618 3811 est,
641 3749 669 3799 et
696 3743 725 3798 in
754 3760 864 3800 omnem
889 3759 973 3818 prope
1026 3743 1073 3800 lrio
1087 3743 1135 3817 qui
1152 3742 1229 3811 iacit,
1245 3749 1271 3799 ει
1286 3757 1343 3798 non
1357 3739 1495 3798 consentit
1509 3735 1825 3804 iacientibus,excusare

169 3841 275 3906 partem
292 3832 389 3889 mundi
403 3848 495 3889 ramos
508 3848 572 3888 suos
587 3832 722 3903 extendit,
736 3834 805 3890 iram
820 3833 869 3892 Dei
886 3833 972 3891 idolo·
1026 3849 1054 3890 se
1082 3848 1161 3905 posse
1184 3839 1291 3904 putare,
1316 3829 1398 3888 docet
1414 3825 1582 3901 hujusmodi
1608 3821 1826 3882 inexcusabilem

171 3921 259 3978 latrina
279 3937 389 3978 causam
406 3920 547 3989 novatiana,
562 3937 623 3994 quas
636 3920 726 3993 prima
741 3938 803 3996 pars
817 3930 858 3981 εει
872 3923 972 3981 erroris
1026 3923 1094 3980 fore.
1110 3923 1181 3980 Nom
1194 3920 1269 3978 enim
1284 3920 1391 3993 justum
1405 3927 1457 3990 est,
1474 3926 1505 3978 ut
1518 3917 1585 3975 huic
1604 3915 1717 3988 impune
1730 3927 1823 3972 conce

171 4020 198 4068 et
223 4011 387 4085 impietatis,
413 4027 495 4085 qaam
521 4011 642 4084 primurn
656 4011 837 4083 condemnat;
857 4021 888 4070 ut
908 4030 972 4071 cnm
1026 4012 1125 4082 datnr;
1142 4012 1208 4087 qnia
1221 4028 1270 4084 per
1283 4009 1446 4084 hypocrisin
1463 4007 1585 4066 ostendit
1599 4023 1627 4063 se
1648 4003 1741 4070 talem,
1761 4015 1824 4058 cum

208 4137 269 4209 (er)
283 4137 336 4193 ns.
353 4134 448 4206 coru,
463 4137 589 4210 epona
605 4139 643 4195 ει
656 4138 823 4210 inp-repara
837 4139 973 4198 racana-n
1023 4138 1128 4211 pontice
1141 4139 1248 4210 parerer
1263 4135 1330 4195 coa
1353 4119 1461 4190 runai.
1485 4139 1512 4189 et
1532 4128 1610 4188 corn.
1634 4126 1691 4183 orn
1713 4138 1826 4182 consen

172 4209 350 4264 contradicere
373 4227 399 4264 sc
421 4209 501 4266 dmat
524 4210 662 4278 sacerdoti,
687 4227 741 4265 non
761 4211 812 4266 sibi
834 4211 973 4268 vindicans
1026 4211 1101 4267 liunt
1116 4225 1201 4283 nsque
1215 4209 1248 4266 ad
1261 4207 1345 4263 verba
1359 4223 1455 4278 ponere
1467 4204 1627 4259 noluerant:
1641 4206 1739 4256 cetera
1759 4210 1827 4252 vero

170 4287 333 4352 potestatem.
351 4281 628 4348 (inconcinnae.
1027 4281 1353 4339 exhibentutintextu.
1425 4347 1430 4358 ι
1498 4345 1529 4355 ..
1718 4341 1723 4353 Ι

208 4352 266 4424 (68)
282 4351 350 4408 Gill.
369 4353 513 4410 varietates
527 4369 589 4409 curn
605 4369 657 4410 ms.
673 4352 754 4411 Corb.
771 4360 798 4409 ει
810 4353 916 4427 llemig.
938 4354 973 4413 ad
1065 4353 1123 4425 (69)
1139 4354 1180 4408 lta
1193 4368 1258 4408 mss.
1273 4366 1305 4406 ac
1316 4357 1371 4406 vet.
1389 4347 1530 4414 edat.‚n1sr
1545 4343 1619 4426 quod
1630 4346 1820 4424 premittunt:

173 4422 256 4479 linem
273 4423 374 4497 capitis
389 4425 474 4481 terune
488 4424 668 4482 conveniunt,
685 4423 779 4480 Potior
792 4432 885 4482 minen
894 4435 934 4483 est
946 4436 974 4485 et
1028 4425 1192 4496 lnsipiantes,
1206 4421 1399 4493 incompositos,
1414 4419 1470 4474 sine
1483 4418 1627 4488 affectione,
1642 4431 1697 4470 sana
1710 4428 1828 4495 annan-

171 4496 325 4552 sorreetior
348 4495 431 4569 hujus
453 4499 547 4564 series,
574 4510 656 4569 quam
673 4494 854 4554 exhibemus:
875 4499 907 4554 Ut
931 4516 976 4555 raes
993 4497 1139 4565 Daordio3
1174 4511 1216 4550 uae
1229 4493 1313 4550 verba
1327 4509 1390 4549 curn
1403 4489 1465 4548 eod.
1480 4490 1566 4570 illan,
1590 4485 1684 4554 Corb,
1700 4483 1785 4543 vind.
1800 4488 1829 4538 ει

169 4573 296 4638 parentes
324 4583 384 4623 snos
407 4575 586 4640 cognoscerent
607 4568 776 4624 bono-rondes
791 4587 801 4634 ;
825 4569 882 4624 ὶάεο
902 4571 974 4626 insi·
1029 4569 1107 4625 Rom,
1141 4511 1208 4623 edit.
1237 4563 1396 4621 recidimus.
1431 4562 1607 4620 Retruurmns
1624 4573 1709 4640 vero,
1744 4556 1829 4636 Usque

191 4639 272 4694 tentes
288 4640 469 4711 incompositos
484 4657 537 4696 asse
550 4639 632 4708 aton,
645 4657 691 4694 nec
710 4639 758 4695 Dei
772 4656 817 4694 nec
839 4641 975 4698 bominum
1028 4640 1128 4695 adea.
1144 4639 1172 4694 di
1207 4643 1297 4694 canat
1310 4643 1334 4692 et
1346 4641 1441 4701 morte,
1456 4631 1610 4714 quaetverba
1623 4645 1652 4685 111
1666 4627 1763 4710 nedem
1779 4633 1827 4682 trr-

169 4655 296 4766 {cbentes
324 4713 453 4781 affectam.
474 4711 543 4767 ilino
564 4717 602 4766 est
622 4711 691 4767 ande
709 4717 733 4766 et
755 4711 975 4769 imatisert'cordes
1028 4711 1154 4767 busocd.
1191 4709 1372 4775 adderentur,
1389 4719 1503 4779 quaeque
1518 4719 1547 4783 ru
1566 4703 1644 4783 Rern.
1665 4699 1829 4782 edrt3rese-

171 4788 265 4838 encrat.
296 4783 349 4850 Qui
370 4783 438 4837 enim
461 4783 489 4838 in
503 4799 563 4838 snos
587 4783 762 4850 crnrletisest,
778 4790 877 4854 penato
892 4785 976 4856 magis
1028 4783 1097 4840 catis
1121 4781 1183 4838 aliis
1205 4795 1291 4853 usque
1311 4778 1345 4834 ad
1372 4777 1424 4845 Qna'
1451 4791 1509 4855 cant
1526 4778 1665 4855 ‘restituam
1690 4772 1740 4827 Der
1768 4775 1830 4842 post

171 4854 203 4908 t'n
230 4854 352 4909 alanos!
377 4855 410 4910 ln
432 4854 548 4936 biserga
567 4854 687 4909 omnibns
705 4856 973 4927 contumaccseliecti
1029 4853 1156 4911 eumdem
1170 4851 1319 4924 Scriptura
1333 4858 1438 4906 textum
1456 4853 1631 4928 rejiciuntur.
1811 4911 1816 4923 Ι

172 4925 304 4994 cognitam
330 4925 450 4980 babentes
473 4926 525 4981 Das
546 4924 692 4995 justitiam,
711 4926 740 4980 in
765 4927 854 4982 animo
878 4945 976 5008 ponere
1067 4925 1125 5006 (60)
1140 4924 1209 4981 Voci
1223 4923 1326 4978 radices
1343 4937 1407 4976 mss.
1426 4919 1532 4991 aliquot
1545 4916 1717 4995 adjungunt:
1738 4912 1829 4996 Delas

171 4999 329 5062 noluerant,
366 4997 493 5067 qnoniam
530 4998 577 5067 qni
604 4998 657 5052 bac
687 5004 778 5068 ayant,
809 4997 883 5070 digna
915 5005 977 5054 sant
1030 5015 1077 5070 pat
1090 4995 1204 5067 sociam,
1220 5002 1243 5049 ει
1252 4993 1454 5056 cotrtradionnt3
1470 5004 1552 5053 unus,
1565 5005 1600 5069 aa
1614 4989 1665 5054 (ιιε,
1680 4993 1731 5041 ειε.
1748 4982 1829 5064 Strut-

171 5075 279 5134 ntorta;
294 5076 318 5124 ει
332 5085 377 5123 nea
391 5071 437 5124 lios
452 5068 578 5124 immanes
592 5085 645 5123 asse
658 5087 676 5124 o
686 5075 769 5124 morte
783 5069 839 5140 qni,
855 5087 912 5124 evam
923 5071 976 5126 bac
1031 5069 1094 5126 liter
1108 5068 1190 5124 etiam
1205 5066 1287 5128 inira,
1302 5071 1363 5137 post
1377 5063 1460 5118 verba
1472 5064 1620 5140 assentiant
1631 5064 1719 5138 anain
1731 5054 1829 5125 (αειεε-

170 5157 227 5194 non
241 5139 357 5210 saciant,
381 5140 545 5195 conseminat
562 5141 728 5210 [encratitas.
756 5141 818 5197 Istis
840 5141 908 5196 enim
923 5159 976 5197 non
1031 5140 1108 5206 titius,
1124 5139 1285 5204 adnectunt,
1305 5138 1344 5192 De
1364 5136 1405 5190 lais
1427 5135 1511 5213 (unus
1530 5132 1572 5212 lfa
1592 5129 1657 5200 bas),
1673 5145 1719 5199 im
1741 5139 1829 5205 03336·

170 5211 356 5281 narrantibus,
371 5229 417 5266 nec
431 5210 611 5283 arguentibus,
636 5212 679 5268 itti
693 5229 721 5267 tn
733 5211 974 5294 peinsprcficinnt.
1032 5212 1101 5267 tinnt
1114 5209 1280 5280 facientibus.
1300 5209 1404 5288 lienum.
1425 5204 1454 5284 hl
1473 5202 1548 5284 titula
1572 5209 1647 5281 suut,
1668 5208 1828 5280 emargina-

172 5283 290 5352 Quandc
315 5283 384 5339 anim
404 5283 475 5339 uidet
488 5283 617 5338 honorari
633 5284 705 5338 stab
721 5284 763 5338 liis
778 5301 827 5354 qna
848 5301 901 5338 nora
924 5285 978 5339 sint
1029 5283 1082 5340 bus
1096 5283 1125 5336 in
1146 5289 1254 5338 textum
1268 5297 1284 5336 a
1299 5278 1421 5335 labrarns
1434 5284 1574 5333 moautrus
1585 5279 1703 5342 trajecta.

172 5357 251 5425 tales,
273 5355 366 5410 crescit
392 5355 421 5410 in
434 5356 551 5420 molitio,
569 5361 592 5409 st
613 5355 744 5424 gloriatur
758 5354 817 5425 (ονε
837 5373 863 5410 se
878 5357 978 5422 talern,·
1068 5353 1127 5425 (dl)
1144 5353 1206 5410 Vet.
1221 5351 1301 5419 edit,
1325 5350 1458 5430 gloriatur
1478 5347 1537 5418 (ονε
1550 5363 1576 5401 se
1597 5338 1785 5403 tattmilillffl·
1802 5341 1831 5393 θῑ

170 5427 275 5482 idcirco
289 5426 398 5498 ἀιφιεει
413 5433 450 5482 εει
469 5443 523 5482 ano
545 5427 683 5496 lacapeno
700 5427 862 5483 multandos.
886 5427 978 5484 Omnis
1032 5442 1097 5482 mss.
1109 5441 1193 5498 prope
1208 5423 1242 5481 ad
1259 5439 1358 5489 unum,
1370 5419 1593 5501 pinnatensem,
1611 5418 1689 5490 ειε.,
1764 5476 1770 5488 ,
1814 5477 1819 5490 ,

171 5505 263 5554 utnon
274 5498 435 5556 eonwiantia
444 5497 518 5553 novit
528 5497 714 5568 Deijastitinm
725 5498 852 5554 creditam
862 5498 978 5564 marram
1052 5519 1053 5526 ¹
1069 5496 1128 5570 (62)
1140 5498 1220 5554 Rom.
1235 5495 1314 5565 edit,
1329 5494 1453 5565 iocantes
1470 5507 1540 5548 anans
1548 5483 1663 5554 nciam,
1678 5477 1730 5535 *llll
1742 5478 1830 5536 vttidi-

171 5571 275 5627 centn
288 5570 357 5626 enim
369 5586 428 5643 pne
438 5569 576 5643 punienda
590 5574 662 5637 tant,
675 5576 828 5640 operantur.
841 5570 977 5639 Quomodo
1032 5575 1102 5627 cant.

171 5657 238 5716 erpo
265 5641 378 5699 eredunt
398 5643 452 5699 isto
478 5641 585 5714 impune
611 5639 718 5714 setara,
734 5657 793 5713 qna
805 5658 859 5700 non
879 5641 978 5700 audant
