4052 6192
149 324 204 382 era
614 323 843 383 senmurum
862 303 1374 385 exeosrrrornaeoeanrbsrn.
1752 332 1806 390 ιιι

149 456 247 506 sancta
270 447 365 504 anima
382 445 542 520 designatur
562 465 568 505 :
593 463 641 522 per
663 449 754 522 pullos
777 457 869 508 autem
894 450 953 524 ejus
967 453 992 514 Α
1006 451 1067 507 leve
1091 450 1197 524 (Mettis.
1217 468 1257 520 ιιι,
1276 451 1334 524 30).
1357 451 1449 508 »Tres
1463 459 1554 510 autem
1582 452 1697 512 bilibres
1711 453 1806 516 hordei

150 537 224 595 bona
248 553 331 610 opera
352 536 553 608 intelliguntur.
580 538 648 594 Nam
676 537 749 594 sicut
776 539 836 596 avis
863 539 954 612 pullos
1008 548 1081 597 sunt:
1097 558 1153 598 non
1170 541 1396 600 inconvenienter
1411 558 1476 616 ergo
1490 542 1685 614 personarium
1704 560 1807 601 unme-

149 643 217 686 suoa
231 627 282 685 sub
300 627 358 684 alas
381 633 537 698 congregat,
562 634 592 682 ut
615 643 660 684 eas
682 626 803 686 fovendo
825 628 951 698 nutriat;
1007 646 1068 686 rum
1087 631 1217 705 (ll),qui
1235 631 1371 703 perlectus
1390 638 1440 701 est,
1462 647 1543 704 opera
1557 639 1714 688 sanctorum
1728 632 1807 690 desi-

150 717 190 775 ita
216 733 389 792 unaquaeque
402 725 497 774 sancta
511 718 603 774 anima
617 734 699 790 opera
713 735 762 776 sua
776 719 849 776 intra
862 719 954 776 cordis
1007 719 1206 792 guantur,quia
1220 719 1352 793 perfectio
1363 727 1520 776 sanctorum
1536 737 1569 776 ex
1582 719 1663 776 bonis
1677 721 1806 794 operibus

149 816 255 866 secreta
279 807 414 876 recondit,
430 813 502 864 elea
518 823 625 881 semper
643 808 768 881 augendo
786 810 953 882 multiplicat
1006 808 1147 866 accrescit.
1163 809 1229 865 Tres
1243 807 1357 864 bilibres
1371 823 1434 880 ergo
1449 807 1545 866 hordei
1555 807 1668 864 denario
1682 807 1806 881 conjun-

148 906 177 955 et
191 898 290 966 nutrit,
306 903 337 952 ut
347 912 382 952 ex
397 895 432 952 iis
446 896 599 952 mercedem
620 896 808 968 plenissimam
827 899 951 972 recipiat.
1006 906 1125 972 guntur;
1155 899 1221 972 quia
1246 886 1382 971 quidquid
1399 897 1466 953 boni
1489 898 1569 954 electi
1593 898 1623 954 in
1638 897 1691 956 hoe
1704 899 1805 956 seculo

148 991 238 1046 Avem
254 988 347 1061 itaque
362 1003 424 1044 cum
441 987 526 1060 pullis
540 988 598 1043 suis
617 987 785 1056 invenimus,
809 1004 872 1044 cnm
896 988 952 1044 ali·
1006 996 1166 1060 operantur,
1190 987 1326 1060 quidquid
1349 985 1456 1044 adversi
1471 987 1625 1059 patiuntur,
1646 1003 1696 1060 pro
1711 1004 1805 1046 amore

148 1094 233 1153 quem
246 1077 352 1150 justum
368 1094 418 1150 pro
433 1077 491 1134 suis
504 1077 585 1134 bonis
602 1078 731 1150 operibus
748 1078 865 1137 amando
887 1096 951 1136 am·
1007 1079 1091 1135 unios
1105 1077 1155 1134 Dei
1168 1076 1368 1150 omnipotentis
1383 1084 1467 1148 agunt
1485 1084 1512 1133 et
1524 1076 1676 1149 patiuntur.

148 1166 310 1242 plectimur.
326 1167 415 1225 Avem
431 1166 460 1222 iu
474 1183 539 1238 agro
553 1168 662 1224 avolare
676 1168 872 1240 permittimus,
887 1185 950 1227 cum
1040 1176 1129 1232 Aliter
1147 1191 1153 1230 z
1183 1191 1231 1248 per
1258 1190 1359 1248 equum
1379 1173 1399 1229 ii
1421 1173 1469 1247 qui
1484 1175 1632 1247 perlegam
1647 1176 1716 1232 salvi
1732 1175 1803 1235 lacti

147 1273 215 1314 eum
227 1273 309 1330 quem
325 1256 520 1330 diligebamus,
535 1273 584 1330 per
595 1263 709 1313 mortem
721 1258 755 1314 ad
766 1275 848 1330 regna
858 1260 950 1317 coeles·
1005 1273 1073 1322 sunt
1097 1264 1294 1337 designantur:
1323 1279 1371 1336 per
1394 1279 1564 1320 ascensorem
1580 1263 1638 1336 ejus
1654 1265 1713 1337 ipse
1724 1264 1804 1322 dator

147 1346 189 1404 tia
205 1346 397 1404 conscendisse
412 1345 579 1420 gaudemus:
599 1345 672 1404 lilios
693 1362 759 1402 vero
780 1347 838 1420 ejus
858 1357 951 1422 captos
1005 1353 1081 1426 legis:
1100 1370 1148 1426 per
1162 1360 1289 1410 staterem
1303 1369 1369 1409 vero
1385 1351 1500 1425 aequitas
1511 1351 1612 1424 judicii
1633 1352 1803 1424 ejusconse·

147 1444 287 1507 tenemus,
303 1437 326 1493 si
340 1435 483 1509 ejusbona
497 1453 579 1509 opera
593 1436 620 1492 in
635 1445 726 1494 mente
737 1436 897 1506 retinemus,
912 1446 950 1496 at·
1005 1461 1091 1520 quens
1124 1452 1166 1501 est
1192 1453 1223 1502 nt
1245 1460 1294 1517 per
1320 1443 1399 1500 binas
1428 1442 1512 1500 libras
1540 1444 1626 1502 tritici
1644 1452 1672 1501 et
1686 1461 1735 1520 per
1748 1453 1804 1502 tres

145 1542 202 1600 que
216 1527 245 1583 5¹²
256 1542 352 1584 eorum
369 1526 524 1583 Ῑωῑῑᾶῑῑθῃθ
538 1525 707 1598 Pf⁰fi⁰iffl¹1⁸·
723 1527 760 1583 Εῑ
773 1526 803 1582 ῙΠ
817 1526 870 1584 ¹¹⁰⁰
885 1528 950 1584 ¹⁰¹¹·
1004 1539 1120 1597 bilibres
1147 1540 1244 1598 hordei
1268 1548 1347 1598 vetus
1366 1541 1570 1598 Testamentum
1590 1540 1778 1614 intelligamus
1794 1557 1801 1598 ι

146 1615 302 1690 titudinem
319 1616 384 1672 Vilae
399 1615 479 1672 nobis
495 1615 673 1692 attullimus,
694 1631 754 1689 qum
772 1631 828 1672 ¹¹⁰ss
852 1616 905 1672 nisi
921 1617 950 1673 51¹
1004 1645 1052 1704 per
1070 1629 1151 1686 binas
1163 1645 1227 1702 ergo
1235 1629 1320 1686 libras
1334 1629 1420 1684 tritici
1434 1628 1490 1685 duo
1505 1637 1639 1702 precepta
1648 1630 1800 1700 charitatis,

144 1705 253 1763 coelesti
269 1705 441 1764 beatitudine
453 1705 612 1762 constitutis
630 1704 720 1762 datur.
745 1707 785 1762 De
810 1706 950 1778 apertione
1004 1733 1064 1792 quae
1086 1718 1116 1774 in
1136 1718 1195 1790 lege
1219 1724 1246 1773 et
1271 1717 1412 1790 prophetis
1436 1718 1591 1790 specialiter
1602 1718 1803 1776 commendan-

144 1799 223 1856 tertii
237 1799 322 1873 sigilli
336 1815 422 1872 pauca
436 1797 470 1856 de
484 1798 580 1857 multis
590 1798 724 1868 diximus,
740 1813 814 1856 nunc
823 1799 947 1857 ordinem
962 1815 986 1878 Β
1004 1813 1063 1876 tur,
1081 1805 1271 1880 designantur,
1283 1805 1355 1864 sicut
1368 1806 1504 1862 Dominus
1517 1807 1586 1864 dicit
1595 1806 1624 1862 in
1639 1806 1800 1879 Evangelio:

143 1907 356 1966 prosequamur.
1008 1917 1019 1942 ι
1045 1895 1077 1952 In
1100 1894 1134 1951 iis
1157 1893 1265 1950 dnobus
1289 1893 1426 1952 mandatis
1445 1901 1503 1952 tota
1518 1896 1563 1952 lex
1578 1894 1679 1967 pendet
1693 1903 1720 1954 et
1734 1913 1803 1970 pro-

182 2015 577 2090 (veterasceremus
600 2015 949 2074 antecrescentem
1002 1984 1098 2084 Phliffl,
1120 1984 1226 2056 (M‘ll‘b
1256 1999 1329 2053 ¹¹¹¹2
1358 1984 1417 2056 4⁰l·
1446 2007 1456 2032 ’
1489 1986 1525 2042 E‘
1548 1999 1598 2058 1³⁰¹
1619 1992 1675 2042 ‘¹⁰⁸
1688 1985 1803 2044 ΝΜ

1002 2072 1099 2130 hordei
1126 2080 1205 2130 vetus
1220 2073 1425 2130 Testamentum
1446 2090 1592 2148 possumus
1605 2075 1728 2148 accipere
1738 2079 1753 2144 ’ς
1770 2091 1803 2134 eo

1002 2161 1075 2236 quod
1090 2162 1120 2218 in
1135 2171 1191 2220 tres
1205 2169 1296 2234 partes
1309 2161 1343 2218 ab
1358 2162 1480 2220 liebraeis
1503 2161 1655 2231 dividatur,
1681 2164 1711 2220 in
1729 2163 1803 2221 Pro-

1001 2251 1109 2324 phetas,
1134 2250 1162 2308 in
1189 2251 1298 2324 Legem,
1328 2251 1356 2307 in
1380 2250 1580 2325 Hagiographa.
1594 2251 1649 2308 Nec
1664 2252 1802 2310 inconve-

1001 2340 1110 2398 nienter
1137 2356 1186 2412 per
1204 2338 1349 2410 hordeum,
1378 2340 1452 2414 quod
1474 2356 1601 2414 asperum
1615 2340 1698 2399 babet
1712 2342 1802 2399 corti-

1001 2445 1072 2499 cem,
1099 2438 1179 2487 vetus
1193 2430 1401 2486 Testamentum
1423 2428 1801 2504 designatur,propteraspe-

1000 2503 1110 2577 ritaterh
1147 2519 1277 2577 videlicet
1315 2527 1516 2592 praeceptorum
1557 2519 1686 2592 legalium
1729 2521 1797 2591 (ta).

1000 2611 1070 2668 Nam
1107 2609 1178 2666 sicut
1214 2606 1349 2664 hordeum
1380 2607 1457 2681 ¹iulra
1484 2609 1657 2680 asperitatem
1686 2607 1798 2665 corticis

1000 2700 1043 2757 sui
1071 2699 1221 2755 medullam
1250 2696 1383 2764 continet,
1415 2713 1449 2753 ex
1478 2712 1532 2769 qua
1547 2696 1626 2768 panis
1639 2697 1797 2768 coniicitur,

1000 2787 1040 2845 ita
1058 2796 1085 2844 et
1115 2787 1188 2844 inlra
1207 2786 1329 2844 litteram
1357 2785 1460 2841 veteris
1483 2783 1651 2842 Testamenti
1665 2785 1798 2858 spiritalis

143 2117 222 2184 cide,
238 2115 330 2186 idest,
352 2115 475 2190 intelligo
499 2114 662 2188 spiritaliter
682 2109 754 2170 529
777 2113 946 2187 Scripturam

144 2207 214 2280 legis
230 2207 299 2280 (69).
316 2208 353 2262 Ει
366 2223 419 2262 ecre
433 2223 514 2277 equas
526 2205 610 2278 niger,
632 2210 656 2260 et
676 2204 722 2276 prii
744 2203 847 2260 sedehat
869 2220 948 2276 snper

143 2313 204 2351 eum
218 2293 328 2350 habehat
340 2300 466 2350 stolorum
481 2294 509 2348 irs
523 2310 604 2348 meatu
624 2310 682 2348 sua.
708 2292 760 2349 Per
778 2307 880 2365 equum
898 2292 946 2348 ni-

143 2401 224 2458 grum
249 2384 374 2442 doctores
389 2382 457 2456 legis
471 2399 617 2456 possumus
640 2381 809 2454 intelligere;
832 2379 946 2453 nigredo

143 2477 219 2532 enim
236 2476 298 2548 equi
313 2476 372 2532 sive
386 2475 580 2533 obscuritatem
593 2475 671 2548 legis,
685 2491 767 2548 quam
780 2473 945 2540 docuerunt,

142 2565 204 2622 sive
218 2563 350 2622 duritiam
366 2563 500 2636 designat.
519 2564 587 2621 Nam
601 2571 628 2620 et
641 2565 749 2637 lloyses
764 2563 888 2620 velamen
899 2562 946 2618 ha·

141 2653 319 2726 bebatsuper
330 2653 427 2710 faciem
441 2670 529 2722 suern,
544 2669 577 2709 eo
603 2652 676 2726 quod
699 2652 828 2727 splendor
852 2653 946 2708 vultus

142 2744 213 2817 ejus,
230 2743 323 2810 idest,
339 2742 472 2816 spiritalis
482 2741 665 2814 intelligentia
678 2740 707 2798 in
718 2741 776 2812 lege
792 2757 807 2796 a
822 2740 946 2813 lippien-
978 2785 981 2792 ,

144 2831 220 2890 tibus
234 2831 322 2889 oculis
336 2847 391 2888 non
416 2837 507 2904 posset
531 2829 630 2887 videri.
650 2829 743 2886 Sessar
767 2836 858 2885 autem
881 2829 945 2902 equi

140 2921 281 2980 Dominus
294 2930 352 2978 est:
369 2927 470 2976 statera
485 2935 550 2976 vero
569 2919 726 2992 aequitatem
743 2917 843 2991 judicii
868 2919 945 2991 lega-

141 3009 178 3066 lis
203 3009 384 3076 demonstrat,
400 3017 431 3065 ut
445 3016 486 3065 est
502 3007 591 3064 istud:
611 3007 762 3064 «Animam
778 3023 827 3080 pro
841 3005 944 3075 anima,

1000 2874 1184 2948 intelligentia
1210 2874 1381 2942 continetur,
1396 2889 1430 2930 ex
1444 2889 1499 2947 qua
1514 2889 1530 2930 a
1544 2874 1682 2946 magistris
1695 2875 1798 2932 Eccle-

999 2968 1046 3025 siae
1075 2965 1154 3040 panis
1176 2964 1310 3023 doctrinae
1332 2964 1467 3037 spiritalis
1478 2963 1636 3036 conficitur,
1653 2965 1687 3022 ad
1701 2966 1798 3022 nutri-

141 3098 319 3170 oculumpso
334 3098 425 3166 oculo,
453 3095 562 3152 dentem
585 3112 634 3168 pm
657 3095 748 3160 deme,
773 3095 868 3170 pedem
895 3111 945 3168 pm
999 3066 1092 3114 menta
1117 3055 1241 3113 fidelium
1269 3053 1422 3128 proficens3
1452 3053 1552 3112 scribit
1571 3055 1798 3129 enimapostolus

139 3187 212 3261 pede
238 3188 339 3259 (Eeod.
360 3202 421 3255 xxi,
436 3185 481 3255 23,
503 3185 561 3259 tl),
587 3210 596 3234 ›
625 3192 653 3242 et
675 3186 783 3260 qualern
810 3185 945 3242 inllixerit
961 3146 1099 3242 (ΞΜ118
1122 3161 1187 3247 quia.
1215 3145 1323 3202 ”uuum
1351 3144 1386 3201 δά
1412 3145 1564 3245 mmmm
1590 3143 1707 3246 adsim}
1731 3146 1795 3247 ¹⁰¹!

998 3239 1107 3294 nullum
1127 3238 1234 3294 scillcet
1258 3251 1354 3292 eorum
1382 3251 1430 3309 qur
1455 3251 1514 3292 eam
1529 3235 1676 3292 carnaliter
1694 3235 1796 3292 rntellr·

136 3277 204 3350 quis
218 3275 354 3332 maculam
370 3273 441 3348 (70),
458 3275 541 3330 talem
556 3281 584 3330 et
597 3275 733 3331 sustinere
748 3281 870 3346 cogatur.
1481 3327 1487 3337 ,
1612 3327 1644 3338 ,,
1689 3327 1694 3340 ,
1757 3325 1763 3338 ,

997 3337 1065 3402 gunt
1078 3335 1106 3384 et
1123 3335 1281 3400 operantur:
1302 3341 1349 3382 eos
1363 3343 1429 3382 vero
1441 3343 1488 3400 qur
1503 3343 1563 3382 eam
1577 3326 1740 3399 spiritaliter
1754 3342 1795 3382 m·

177 3413 272 3484 (llere.
286 3410 327 3482 6.)
353 3411 494 3468 Etoedioi
509 3428 594 3467 vocem
609 3412 637 3466 ic
652 3411 864 3484 medioqcataor
877 3413 943 3468 cai·
996 3418 1128 3492 telligunt
1161 3425 1189 3474 et
1211 3424 1359 3488 operantur
1381 3459 1389 3484 ,
1413 3415 1448 3473 ad
1481 3415 1659 3488 perfectionis
1683 3416 1794 3474 culmen

137 3503 252 3561 molium
265 3501 399 3558 demam.
420 3502 512 3559 Potest
533 3519 581 3575 per
603 3518 698 3560 vocem
722 3518 783 3575 qum
806 3503 878 3561 lacta
902 3513 942 3562 cst
996 3506 1055 3563 sine
1083 3505 1169 3564 dubio
1201 3504 1283 3577 erigit
1302 3503 1379 3576 (liei.
1407 3521 1456 3572 ιιι,
1473 3504 1530 3578 la).
1546 3504 1612 3561 Tres
1634 3520 1698 3578 argo
1717 3497 1795 3562 libre

136 3595 169 3652 in
186 3593 279 3652 medio
293 3603 411 3668 quatuor
424 3593 596 3663 animalium,
620 3611 675 3650 vox
695 3594 825 3652 Ecclesia
843 3595 940 3668 accipi,
996 3594 1093 3652 hordei
1116 3595 1305 3669 duplicantur,
1325 3601 1357 3651 ut
1379 3593 1414 3651 ad
1429 3593 1580 3664 senarium,
1596 3593 1644 3668 qui
1659 3593 1795 3668 perlectus

137 3683 254 3742 Domini
272 3683 489 3742 misericordiam
517 3683 701 3755 implorantis.
723 3684 837 3740 Bilibris
860 3684 943 3741 tritici
996 3692 1038 3743 est
1064 3701 1207 3751 uumerus,
1230 3684 1403 3758 perveniaut3
1418 3700 1480 3740 cum
1496 3691 1576 3740 vetus
1590 3683 1795 3740 Testamentum

135 3774 262 3842 denario,
279 3780 302 3830 et
316 3781 367 3831 tres
385 3773 492 3830 bilibres
510 3773 601 3830 hordei
623 3773 743 3838 ἀιιιιινίο,
768 3781 792 3830 at
813 3774 905 3830 vinem
918 3779 942 3830 et
995 3791 1012 3830 a
1032 3773 1193 3832 doctoribus
1218 3773 1349 3830 Ecclesia
1374 3774 1466 3846 primo
1489 3771 1682 3844 historialiter,
1702 3779 1796 3846 postea

67 3855 68 3860 ’
136 3865 271 3920 oleariae
285 3863 392 3920 luseris.
409 3862 505 3934 Magna
520 3867 585 3918 sunt
599 3877 659 3934 qum
677 3862 802 3934 protulit,
818 3870 846 3920 et
862 3862 941 3920 valde
995 3861 1344 3936 spiritaliterintelligitur,
1360 3861 1474 3936 ejusque
1492 3859 1624 3935 spiritalis
1641 3861 1794 3936 intelligen-

138 3959 267 4016 obscnra.
294 3959 346 4016 Per
359 3957 483 4014 triticum
498 3975 533 4015 ex
552 3975 607 4032 quo
625 3957 703 4032 panis
725 3959 847 4032 optimus
869 3977 941 4018 con-
993 3955 1035 4010 tia
1057 3951 1186 4025 operibus
1209 3950 1349 4023 impletur.
1366 3949 1573 4007 Perdenarium
1587 3957 1678 4006 autem
1694 3957 1795 4006 aeterna

139 4047 244 4116 licitur,
279 4045 403 4103 divinam
436 4046 604 4120 scripturam
638 4064 783 4120 possumus
806 4049 940 4122 accipere,
995 4042 1053 4099 vita
1080 4041 1248 4113 designatur,
1273 4039 1345 4097 sicut
1358 4039 1493 4096 Dominus
1505 4038 1585 4096 docet
1600 4037 1628 4094 in
1642 4037 1794 4110 Evangelio

138 4157 202 4216 qum
216 4147 258 4196 est
270 4139 349 4212 panis
373 4140 550 4196 animarum:
577 4139 639 4196 duaa
663 4156 729 4197 vero
753 4139 830 4198 librae
854 4141 940 4200 tritici
996 4131 1102 4204 (Mami-
1123 4147 1172 4199 ΣΧ,
1188 4129 1228 4200 ²i·
1245 4130 1376 4187 precatur
1392 4129 1476 4202 iliius
1490 4127 1640 4184 D⁰ffli¹¹¹¹ffl
1659 4124 1792 4194 Εῦῦἶθῦῑδ,

137 4231 197 4288 duo
212 4232 386 4290 Testamenta
399 4229 554 4302 designant,
570 4228 671 4302 quibus
689 4228 785 4287 diviua
799 4229 941 4304 Scriptura
994 4230 1021 4280 el
1048 4221 1139 4278 dicii:
1166 4221 1280 4278 Bilibtt'l
1305 4220 1388 4277 ῑιῑΐῑΰῐ
1414 4217 1534 4286 demitti,
1562 4223 1587 4274 ei
1613 4222 1665 4272 ‘rel
1687 4215 1794 4274 &illim

136 4321 288 4378 dividitur.
304 4321 348 4376 Ex
363 4319 397 4376 iis
411 4319 517 4375 duabus
532 4318 611 4375 libris
624 4317 712 4376 tritici
727 4335 852 4391 magnam
865 4321 939 4378 cibo
993 4314 1087 4370 hordei
1100 4314 1222 4384 donorio,
1237 4313 1330 4382 idest,
1349 4311 1369 4369 ii
1385 4312 1432 4384 qui
1446 4310 1504 4367 duo
1520 4317 1654 4383 precepta
1667 4307 1794 4367 charita·-

137 4425 203 4466 rum
218 4408 327 4480 copiam
343 4407 422 4464 nobis
438 4407 526 4464 sancti
541 4406 634 4462 Patres
647 4415 880 4478 praeparaverunt,
891 4410 939 4482 qui
994 4403 1032 4460 tis
1047 4400 1199 4460 secundum
1222 4400 1377 4458 doctrinam
1391 4399 1470 4473 Legis
1482 4407 1564 4473 atque
1583 4396 1792 4472 Prophetarum,

136 4515 200 4557 eam
230 4499 422 4572 multipliciter
450 4505 635 4570 exposuerunt
653 4515 659 4554 :
687 4497 817 4556 denarius
845 4507 937 4556 autem
953 4537 978 4598 D
993 4500 1121 4558 Patribus
1150 4499 1279 4557 videlicet
1300 4499 1400 4556 veteris
1415 4499 1582 4556 Testamenti
1600 4517 1606 4556 :
1623 4497 1752 4556 similiter
1767 4508 1794 4557 et

136 4589 292 4650 Dominum
310 4586 444 4660 designat.
461 4587 537 4644 Binm
553 4585 705 4660 ergolibrae
725 4587 812 4643 tritici
826 4587 939 4646 denario
993 4593 1033 4650 eis
1053 4591 1101 4666 qui
1128 4597 1209 4647 vetus
1231 4591 1435 4648 Testamentum
1459 4589 1620 4662 spiritaliter
1634 4589 1794 4665 intelligunt

135 4685 322 4758 copulantur;
334 4683 399 4758 quia
414 4682 489 4758 quod
499 4691 592 4740 sancta
602 4683 745 4757 Scriptura
760 4685 892 4757 loquitur,
904 4684 939 4742 ad
993 4689 1020 4738 et
1044 4687 1202 4754 operantur,
1228 4679 1256 4736 id
1278 4685 1328 4748 est,
1343 4677 1472 4735 lidelibus
1492 4677 1632 4749 Ecclesia,
1648 4677 1792 4736 denarium

136 4773 225 4830 unius
242 4773 290 4829 Dei
307 4773 549 4846 omnipotentiam,
575 4773 805 4845 magnitudinem,
832 4773 939 4832 bonita-
993 4771 1058 4828 vitae
1081 4778 1191 4826 aeternae
1215 4768 1329 4841 dignare
1350 4767 1512 4839 largiri.Per
1524 4767 1712 4825 austeritatem
1727 4784 1793 4826 vero

139 4873 211 4933 tem,
222 4871 305 4936 atque
316 4861 490 4919 severitatem
503 4863 630 4934 pertinet,
642 4861 777 4936 quidquid
788 4863 861 4920 enirn
872 4863 938 4921 boni
993 4859 1054 4916 vini
1071 4860 1192 4916 activam
1207 4857 1305 4928 vitam,
1321 4873 1370 4930 per
1385 4856 1580 4930 pinguedinem
1603 4857 1658 4914 olei
1671 4865 1792 4916 contem·

137 4969 203 5025 erga
218 4951 362 5026 proximos
379 4951 496 5025 agimus,
522 4950 556 5007 de
581 4953 767 5020 illoest,uon
790 4952 824 5010 de
847 4953 937 5011 nobis.
993 4949 1126 5025 platinam
1153 4964 1299 5024 possumus
1331 4947 1463 5020 accipere.
1498 4946 1578 5015 Quod
1614 4963 1678 5021 argo
1700 4948 1789 5006 dicit:

136 5045 192 5102 Per
223 5043 398 5116 asperitatem
428 5059 494 5100 vero
527 5042 623 5100 hordei
661 5059 743 5115 opera
781 5053 938 5103 sanctorum
998 5042 1092 5100 Vinum
1118 5045 1143 5096 et
1169 5040 1258 5096 oleum
1280 5055 1313 5094 ae
1333 5037 1612 5108 recensuissem
1627 5038 1650 5094 si
1665 5037 1789 5096 diceret:

135 5131 322 5205 designantur
337 5147 398 5206 qum
412 5147 506 5205 aspera
520 5131 631 5205 quidem
643 5131 775 5190 videntur
798 5149 846 5206 per
869 5150 940 5208 opa-
992 5131 1048 5188 Eos
1067 5129 1114 5204 qui
1134 5129 1186 5188 tibi
1208 5145 1257 5203 per
1277 5128 1375 5185 activae
1392 5127 1457 5184 vitae
1468 5143 1551 5202 opera
1574 5127 1632 5184 siva
1663 5135 1792 5184 oontem-

137 5221 289 5291 rationem,
300 5223 345 5279 sed
362 5239 423 5297 spes
436 5239 468 5280 ea
482 5222 577 5281 suavia
591 5222 668 5289 lacit,
679 5223 750 5280 sicut
764 5221 833 5282 dicit
846 5225 940 5282 Domi·
993 5221 1106 5295 platina
1116 5220 1219 5278 servire
1229 5218 1407 5288 studuerunt,
1420 5234 1455 5276 ne
1467 5217 1579 5288 laeseris,
1593 5233 1655 5276 cum
1670 5215 1705 5274 ad
1716 5215 1789 5290 judi·

138 5329 194 5371 nus
210 5331 216 5372 :
239 5314 364 5388 «Jugurn
379 5315 452 5372 enim
467 5331 558 5372 meum
574 5331 657 5372 suave
665 5321 715 5384 est,
726 5324 753 5372 et
763 5331 833 5373 onus
847 5333 938 5375 meum
993 5310 1068 5371 cirum
1094 5307 1215 5367 veneris.

176 5495 224 5566 (69
254 5497 333 5555 Rom.
348 5496 415 5555 edit.
431 5497 500 5566 sola,
514 5497 561 5568 poi
576 5497 743 5568 scripturam
758 5495 830 5568 legis.
989 5511 1039 5622 fier
1062 5501 1114 5549 tres
1127 5492 1209 5550 libros
1223 5489 1332 5558 hermu
1350 5505 1415 5546 mss.
1430 5494 1521 5546 autem
1537 5493 1653 5562 unoque
1666 5487 1729 5546 loco
1741 5505 1790 5548 uo·

176 5567 224 5638 (tt
252 5567 354 5625 Omnes
367 5569 446 5637 edit,
467 5575 492 5624 et
510 5569 588 5639 quale
601 5567 730 5638 inflixerit
752 5568 811 5638 pais
826 5566 937 5636 malurn,
1012 5566 1035 5623 is
1048 5569 1212 5622 consonant.
1629 5629 1634 5642 ¹

142 5641 204 5707 tole,
221 5647 286 5696 etc:
302 5655 367 5697 mss.
384 5649 475 5698 autem
492 5649 523 5696 ut
537 5639 566 5695 in
579 5645 721 5696 contextu.
1029 5637 1087 5708 (72)
1104 5637 1144 5694 lta
1159 5651 1236 5701 mss.;
1251 5633 1318 5691 edit.
1333 5646 1408 5692 vero.
1422 5636 1533 5704 propter
1546 5637 1714 5706 ommentans
1726 5649 1792 5694 mr.

178 5711 239 5785 (tl)
259 5711 348 5784 Edit,
360 5729 412 5788 per
426 5711 562 5772 iimriam
574 5727 724 5770 hamram.
743 5709 780 5770 Et
806 5710 889 5784 inira,
914 5717 939 5770 et
992 5706 1278 5779 eminenciorem
1297 5701 1419 5774 continet,
1435 5709 1488 5762 etc.
