<?xml version="1.0" encoding="UTF-8"?>
<!DOCTYPE html PUBLIC "-//W3C//DTD XHTML 1.0 Transitional//EN"
    "http://www.w3.org/TR/xhtml1/DTD/xhtml1-transitional.dtd">
<html xmlns="http://www.w3.org/1999/xhtml" xml:lang="en" lang="en">
 <head>
  <title>
</title>
<meta http-equiv="Content-Type" content="text/html;charset=utf-8" />
  <meta name='ocr-system' content='tesseract 3.04.00' />
  <meta name='ocr-capabilities' content='ocr_page ocr_carea ocr_par ocr_line ocrx_word'/>
</head>
<body>
  <div class='ocr_page' id='page_1' title='image "./patrologiaecurs131migngoog_0499.png"; bbox 0 0 4038 6168; ppageno 0'>
   <div class='ocr_carea' id='block_1_1' title="bbox 234 269 1898 334">
    <p class='ocr_par' dir='ltr' id='par_1_1' title="bbox 234 269 1898 334">
     <span class='ocr_line' id='line_1_1' title="bbox 234 269 1898 334; baseline 0.001 -2"><span class='ocrx_word' id='word_1_1' title='bbox 234 271 288 332; x_wconf 80' lang='lat' dir='ltr'><strong>let</strong></span> <span class='ocrx_word' id='word_1_2' title='bbox 740 271 790 330; x_wconf 81' lang='grc' dir='ltr'><strong>ΑΙ)</strong></span> <span class='ocrx_word' id='word_1_3' title='bbox 807 271 924 329; x_wconf 78' lang='lat' dir='ltr'><strong>OPERA</strong></span> <span class='ocrx_word' id='word_1_4' title='bbox 942 270 970 328; x_wconf 88' lang='lat' dir='ltr'><strong>S.</strong></span> <span class='ocrx_word' id='word_1_5' title='bbox 991 269 1157 328; x_wconf 76' lang='lat' dir='ltr'><strong>lmeeosll</strong></span> <span class='ocrx_word' id='word_1_6' title='bbox 1173 269 1364 328; x_wconf 78' lang='lat' dir='ltr'><strong>APPENDlX.</strong></span> <span class='ocrx_word' id='word_1_7' title='bbox 1847 275 1898 334; x_wconf 84' lang='grc'><strong>888</strong></span> 
     </span>
    </p>
   </div>
   <div class='ocr_carea' id='block_1_2' title="bbox 234 394 1900 1193">
    <p class='ocr_par' dir='ltr' id='par_1_2' title="bbox 234 394 1898 561">
     <span class='ocr_line' id='line_1_2' title="bbox 234 394 1898 474; baseline 0.001 -18"><span class='ocrx_word' id='word_1_8' title='bbox 234 397 453 474; x_wconf 88' lang='lat' dir='ltr'><strong>unumquodque</strong></span> <span class='ocrx_word' id='word_1_9' title='bbox 464 395 607 456; x_wconf 80' lang='lat' dir='ltr'>Christum</span> <span class='ocrx_word' id='word_1_10' title='bbox 628 394 784 468; x_wconf 82' lang='lat' dir='ltr'><strong>significet:</strong></span> <span class='ocrx_word' id='word_1_11' title='bbox 801 411 849 468; x_wconf 88' lang='lat' dir='ltr'><strong>per</strong></span> <span class='ocrx_word' id='word_1_12' title='bbox 863 395 936 453; x_wconf 88' lang='lat' dir='ltr'><strong>istud</strong></span> <span class='ocrx_word' id='word_1_13' title='bbox 947 411 1033 452; x_wconf 91' lang='lat' dir='ltr'><strong>unum</strong></span> <span class='ocrx_word' id='word_1_14' title='bbox 1046 399 1072 458; x_wconf 83' lang='lat' dir='ltr'>A</span> <span class='ocrx_word' id='word_1_15' title='bbox 1088 395 1214 454; x_wconf 80' lang='lat' dir='ltr'><strong>habitent</strong></span> <span class='ocrx_word' id='word_1_16' title='bbox 1227 397 1257 453; x_wconf 91' lang='lat' dir='ltr'><strong>in</strong></span> <span class='ocrx_word' id='word_1_17' title='bbox 1272 395 1356 454; x_wconf 90' lang='lat' dir='ltr'><strong>domo</strong></span> <span class='ocrx_word' id='word_1_18' title='bbox 1377 403 1437 468; x_wconf 90' lang='lat' dir='ltr'><strong>tua,</strong></span> <span class='ocrx_word' id='word_1_19' title='bbox 1452 395 1588 467; x_wconf 78' lang='lat' dir='ltr'><strong>Domine,</strong></span> <span class='ocrx_word' id='word_1_20' title='bbox 1614 398 1644 454; x_wconf 91' lang='lat' dir='ltr'><strong>in</strong></span> <span class='ocrx_word' id='word_1_21' title='bbox 1658 399 1764 456; x_wconf 81' lang='lat' dir='ltr'><strong>secula</strong></span> <span class='ocrx_word' id='word_1_22' title='bbox 1778 401 1898 458; x_wconf 78' lang='lat' dir='ltr'><strong>seculo·</strong></span> 
     </span>
     <span class='ocr_line' id='line_1_3' title="bbox 236 484 1684 561; baseline -0.004 -17"><span class='ocrx_word' id='word_1_23' title='bbox 236 488 339 546; x_wconf 90' lang='lat' dir='ltr'><strong>animal</strong></span> <span class='ocrx_word' id='word_1_24' title='bbox 361 487 502 547; x_wconf 82' lang='lat' dir='ltr'>Christum</span> <span class='ocrx_word' id='word_1_25' title='bbox 521 485 720 561; x_wconf 72' lang='lat' dir='ltr'><strong>intelligamus.</strong></span> <span class='ocrx_word' id='word_1_26' title='bbox 745 485 849 543; x_wconf 81' lang='lat' dir='ltr'><strong>Phiale</strong></span> <span class='ocrx_word' id='word_1_27' title='bbox 872 501 939 542; x_wconf 88' lang='lat' dir='ltr'><strong>vero</strong></span> <span class='ocrx_word' id='word_1_28' title='bbox 952 485 1037 544; x_wconf 89' lang='lat' dir='ltr'><strong>corda</strong></span> <span class='ocrx_word' id='word_1_29' title='bbox 1090 484 1356 544; x_wconf 79' lang='lat' dir='ltr'><strong>cumlaudahuntte</strong></span> <span class='ocrx_word' id='word_1_30' title='bbox 1371 486 1460 560; x_wconf 68' lang='lat' dir='ltr'><strong>(reat.</strong></span> <span class='ocrx_word' id='word_1_31' title='bbox 1474 502 1599 557; x_wconf 81' lang='lat' dir='ltr'><strong>amiur,</strong></span> <span class='ocrx_word' id='word_1_32' title='bbox 1614 487 1684 560; x_wconf 75' lang='lat'><strong>5)··</strong></span> 
     </span>
    </p>

    <p class='ocr_par' dir='ltr' id='par_1_3' title="bbox 236 573 1900 1193">
     <span class='ocr_line' id='line_1_4' title="bbox 237 573 1898 650; baseline 0.001 -16"><span class='ocrx_word' id='word_1_33' title='bbox 237 586 302 636; x_wconf 89' lang='lat' dir='ltr'><strong>sunt</strong></span> <span class='ocrx_word' id='word_1_34' title='bbox 330 585 499 646; x_wconf 86' lang='lat' dir='ltr'><strong>sanctorum,</strong></span> <span class='ocrx_word' id='word_1_35' title='bbox 528 591 590 650; x_wconf 84' lang='lat' dir='ltr'><strong>quea</strong></span> <span class='ocrx_word' id='word_1_36' title='bbox 618 583 730 649; x_wconf 89' lang='lat' dir='ltr'><strong>propter</strong></span> <span class='ocrx_word' id='word_1_37' title='bbox 760 575 923 650; x_wconf 74' lang='lat' dir='ltr'><strong>sapientiam</strong></span> <span class='ocrx_word' id='word_1_38' title='bbox 955 591 1038 633; x_wconf 89' lang='lat' dir='ltr'><strong>aurea</strong></span> <span class='ocrx_word' id='word_1_39' title='bbox 1126 573 1239 632; x_wconf 81' lang='lat' dir='ltr'>CAPUT</span> <span class='ocrx_word' id='word_1_40' title='bbox 1253 576 1329 634; x_wconf 86' lang='lat' dir='ltr'>XVI.</span> <span class='ocrx_word' id='word_1_41' title='bbox 1344 605 1380 617; x_wconf 97' lang='lat'><em>-</em></span> <span class='ocrx_word' id='word_1_42' title='bbox 1394 575 1487 649; x_wconf 80' lang='lat' dir='ltr'><strong>(vers.</strong></span> <span class='ocrx_word' id='word_1_43' title='bbox 1504 575 1702 649; x_wconf 80' lang='lat' dir='ltr'><strong>l.)Etcrcdioi</strong></span> <span class='ocrx_word' id='word_1_44' title='bbox 1724 593 1816 634; x_wconf 83' lang='lat' dir='ltr'><strong>rocem</strong></span> <span class='ocrx_word' id='word_1_45' title='bbox 1838 595 1898 635; x_wconf 82' lang='lat' dir='ltr'><strong>ritc-</strong></span> 
     </span>
     <span class='ocr_line' id='line_1_5' title="bbox 237 663 1898 738; baseline 0.002 -16"><span class='ocrx_word' id='word_1_46' title='bbox 237 673 311 723; x_wconf 88' lang='lat' dir='ltr'><strong>recte</strong></span> <span class='ocrx_word' id='word_1_47' title='bbox 325 671 470 722; x_wconf 88' lang='lat' dir='ltr'><strong>vocantur.</strong></span> <span class='ocrx_word' id='word_1_48' title='bbox 494 666 571 722; x_wconf 89' lang='lat' dir='ltr'><strong>Unus</strong></span> <span class='ocrx_word' id='word_1_49' title='bbox 592 681 656 738; x_wconf 86' lang='lat' dir='ltr'><strong>ergo</strong></span> <span class='ocrx_word' id='word_1_50' title='bbox 679 681 714 722; x_wconf 84' lang='lat' dir='ltr'><strong>ex</strong></span> <span class='ocrx_word' id='word_1_51' title='bbox 738 673 858 738; x_wconf 88' lang='lat' dir='ltr'><strong>quatuor</strong></span> <span class='ocrx_word' id='word_1_52' title='bbox 870 664 1037 722; x_wconf 90' lang='lat' dir='ltr'><strong>animalibus</strong></span> <span class='ocrx_word' id='word_1_53' title='bbox 1089 679 1169 735; x_wconf 74' lang='lat' dir='ltr'><strong>mmm</strong></span> <span class='ocrx_word' id='word_1_54' title='bbox 1193 664 1225 720; x_wconf 81' lang='lat' dir='ltr'><strong>dc</strong></span> <span class='ocrx_word' id='word_1_55' title='bbox 1242 664 1347 736; x_wconf 80' lang='lat' dir='ltr'><strong>templo,</strong></span> <span class='ocrx_word' id='word_1_56' title='bbox 1375 663 1502 720; x_wconf 74' lang='lat' dir='ltr'><strong>dicccem</strong></span> <span class='ocrx_word' id='word_1_57' title='bbox 1529 665 1631 738; x_wconf 72' lang='lat' dir='ltr'><strong>cccclii</strong></span> <span class='ocrx_word' id='word_1_58' title='bbox 1658 672 1778 738; x_wconf 81' lang='lat' dir='ltr'><strong>septem:</strong></span> <span class='ocrx_word' id='word_1_59' title='bbox 1804 669 1858 738; x_wconf 84' lang='lat' dir='ltr'><strong>lte,</strong></span> <span class='ocrx_word' id='word_1_60' title='bbox 1881 677 1898 726; x_wconf 82' lang='lat' dir='ltr'><strong>el</strong></span> 
     </span>
     <span class='ocr_line' id='line_1_6' title="bbox 237 753 1897 828; baseline 0.004 -18"><span class='ocrx_word' id='word_1_61' title='bbox 237 753 314 812; x_wconf 82' lang='lat' dir='ltr'><strong>dedit</strong></span> <span class='ocrx_word' id='word_1_62' title='bbox 336 762 441 827; x_wconf 91' lang='lat' dir='ltr'><strong>septem</strong></span> <span class='ocrx_word' id='word_1_63' title='bbox 465 754 570 827; x_wconf 82' lang='lat' dir='ltr'><strong>angelis</strong></span> <span class='ocrx_word' id='word_1_64' title='bbox 594 763 698 828; x_wconf 85' lang='lat' dir='ltr'><strong>septem</strong></span> <span class='ocrx_word' id='word_1_65' title='bbox 722 753 828 826; x_wconf 89' lang='lat' dir='ltr'><strong>phialas</strong></span> <span class='ocrx_word' id='word_1_66' title='bbox 852 769 958 824; x_wconf 81' lang='lat' dir='ltr'><strong>aureas,</strong></span> <span class='ocrx_word' id='word_1_67' title='bbox 972 755 1038 828; x_wconf 91' lang='lat' dir='ltr'><strong>quia</strong></span> <span class='ocrx_word' id='word_1_68' title='bbox 1091 753 1213 824; x_wconf 71' lang='lat' dir='ltr'><strong>effundite</strong></span> <span class='ocrx_word' id='word_1_69' title='bbox 1235 758 1330 825; x_wconf 78' lang='lat' dir='ltr'><strong>septem</strong></span> <span class='ocrx_word' id='word_1_70' title='bbox 1356 753 1465 825; x_wconf 84' lang='lat' dir='ltr'><strong>phiolcs</strong></span> <span class='ocrx_word' id='word_1_71' title='bbox 1489 753 1639 810; x_wconf 74' lang='lat' dir='ltr'><strong>iracundie</strong></span> <span class='ocrx_word' id='word_1_72' title='bbox 1665 755 1718 812; x_wconf 84' lang='lat' dir='ltr'><strong>Dei</strong></span> <span class='ocrx_word' id='word_1_73' title='bbox 1735 757 1767 812; x_wconf 80' lang='lat' dir='ltr'><strong>irc</strong></span> <span class='ocrx_word' id='word_1_74' title='bbox 1789 763 1897 818; x_wconf 81' lang='lat' dir='ltr'><strong>terrore.</strong></span> 
     </span>
     <span class='ocr_line' id='line_1_7' title="bbox 238 840 1899 918; baseline 0.001 -14"><span class='ocrx_word' id='word_1_75' title='bbox 238 843 366 905; x_wconf 86' lang='lat' dir='ltr'><strong>Christus</strong></span> <span class='ocrx_word' id='word_1_76' title='bbox 389 843 472 901; x_wconf 89' lang='lat' dir='ltr'><strong>corda</strong></span> <span class='ocrx_word' id='word_1_77' title='bbox 494 851 653 902; x_wconf 78' lang='lat' dir='ltr'><strong>sanatorum</strong></span> <span class='ocrx_word' id='word_1_78' title='bbox 675 859 788 900; x_wconf 89' lang='lat' dir='ltr'><strong>snorum</strong></span> <span class='ocrx_word' id='word_1_79' title='bbox 803 845 937 916; x_wconf 83' lang='lat' dir='ltr'><strong>sapientia</strong></span> <span class='ocrx_word' id='word_1_80' title='bbox 952 845 1037 918; x_wconf 88' lang='lat' dir='ltr'><strong>reple·</strong></span> <span class='ocrx_word' id='word_1_81' title='bbox 1091 843 1154 900; x_wconf 85' lang='lat' dir='ltr'><strong>Vox</strong></span> <span class='ocrx_word' id='word_1_82' title='bbox 1166 840 1199 898; x_wconf 91' lang='lat' dir='ltr'><strong>de</strong></span> <span class='ocrx_word' id='word_1_83' title='bbox 1210 842 1314 914; x_wconf 89' lang='lat' dir='ltr'><strong>templo</strong></span> <span class='ocrx_word' id='word_1_84' title='bbox 1328 857 1385 898; x_wconf 80' lang='lat' dir='ltr'><strong>vox</strong></span> <span class='ocrx_word' id='word_1_85' title='bbox 1398 841 1512 898; x_wconf 89' lang='lat' dir='ltr'><strong>Domini</strong></span> <span class='ocrx_word' id='word_1_86' title='bbox 1527 849 1570 898; x_wconf 90' lang='lat' dir='ltr'><strong>est</strong></span> <span class='ocrx_word' id='word_1_87' title='bbox 1584 843 1779 917; x_wconf 78' lang='lat' dir='ltr'><strong>precipientis</strong></span> <span class='ocrx_word' id='word_1_88' title='bbox 1794 848 1899 918; x_wconf 78' lang='lat' dir='ltr'><strong>praedi-</strong></span> 
     </span>
     <span class='ocr_line' id='line_1_8' title="bbox 236 930 1899 1006; baseline 0.004 -16"><span class='ocrx_word' id='word_1_89' title='bbox 236 933 288 990; x_wconf 89' lang='lat' dir='ltr'><strong>vit.</strong></span> <span class='ocrx_word' id='word_1_90' title='bbox 318 932 423 990; x_wconf 86' lang='lat' dir='ltr'><strong>Verum</strong></span> <span class='ocrx_word' id='word_1_91' title='bbox 453 932 477 989; x_wconf 90' lang='lat' dir='ltr'><strong>si</strong></span> <span class='ocrx_word' id='word_1_92' title='bbox 506 931 641 1005; x_wconf 85' lang='lat' dir='ltr'><strong>sapientia</strong></span> <span class='ocrx_word' id='word_1_93' title='bbox 666 933 771 1004; x_wconf 87' lang='lat' dir='ltr'><strong>repleta</strong></span> <span class='ocrx_word' id='word_1_94' title='bbox 798 941 873 1001; x_wconf 87' lang='lat' dir='ltr'><strong>sunt,</strong></span> <span class='ocrx_word' id='word_1_95' title='bbox 899 931 1037 1006; x_wconf 90' lang='lat' dir='ltr'><strong>quomodo</strong></span> <span class='ocrx_word' id='word_1_96' title='bbox 1091 930 1239 998; x_wconf 81' lang='lat' dir='ltr'><strong>catonibus,</strong></span> <span class='ocrx_word' id='word_1_97' title='bbox 1255 937 1286 986; x_wconf 86' lang='lat' dir='ltr'><strong>nt</strong></span> <span class='ocrx_word' id='word_1_98' title='bbox 1312 930 1428 988; x_wconf 88' lang='lat' dir='ltr'><strong>verbum</strong></span> <span class='ocrx_word' id='word_1_99' title='bbox 1448 931 1499 988; x_wconf 87' lang='lat' dir='ltr'><strong>Dei</strong></span> <span class='ocrx_word' id='word_1_100' title='bbox 1522 948 1578 988; x_wconf 93' lang='lat' dir='ltr'><strong>non</strong></span> <span class='ocrx_word' id='word_1_101' title='bbox 1597 932 1688 989; x_wconf 91' lang='lat' dir='ltr'><strong>solum</strong></span> <span class='ocrx_word' id='word_1_102' title='bbox 1715 934 1831 1006; x_wconf 84' lang='lat' dir='ltr'><strong>electis,</strong></span> <span class='ocrx_word' id='word_1_103' title='bbox 1859 939 1899 996; x_wconf 87' lang='lat' dir='ltr'><strong>scd</strong></span> 
     </span>
     <span class='ocr_line' id='line_1_9' title="bbox 237 1018 1900 1094; baseline 0.002 -15"><span class='ocrx_word' id='word_1_104' title='bbox 237 1019 388 1079; x_wconf 76' lang='lat' dir='ltr'><strong>iracundie</strong></span> <span class='ocrx_word' id='word_1_105' title='bbox 401 1018 453 1077; x_wconf 87' lang='lat' dir='ltr'><strong>Del</strong></span> <span class='ocrx_word' id='word_1_106' title='bbox 475 1021 557 1093; x_wconf 92' lang='lat' dir='ltr'><strong>plena</strong></span> <span class='ocrx_word' id='word_1_107' title='bbox 570 1037 628 1078; x_wconf 89' lang='lat' dir='ltr'><strong>esse</strong></span> <span class='ocrx_word' id='word_1_108' title='bbox 642 1019 801 1078; x_wconf 73' lang='lat' dir='ltr'><strong>dicuntur?</strong></span> <span class='ocrx_word' id='word_1_109' title='bbox 814 1027 887 1086; x_wconf 83' lang='lat'><strong>559</strong></span> <span class='ocrx_word' id='word_1_110' title='bbox 903 1021 1037 1078; x_wconf 84' lang='lat' dir='ltr'><strong>Dominus</strong></span> <span class='ocrx_word' id='word_1_111' title='bbox 1090 1020 1173 1076; x_wconf 90' lang='lat' dir='ltr'><strong>etiam</strong></span> <span class='ocrx_word' id='word_1_112' title='bbox 1184 1019 1496 1093; x_wconf 87' lang='lat' dir='ltr'><strong>repmhisaunontient;</strong></span> <span class='ocrx_word' id='word_1_113' title='bbox 1507 1020 1782 1094; x_wconf 80' lang='lat' dir='ltr'><strong>quatenushabeant</strong></span> <span class='ocrx_word' id='word_1_114' title='bbox 1793 1023 1844 1081; x_wconf 93' lang='lat' dir='ltr'><strong>isti</strong></span> <span class='ocrx_word' id='word_1_115' title='bbox 1857 1043 1900 1083; x_wconf 90' lang='lat' dir='ltr'><strong>nn·</strong></span> 
     </span>
     <span class='ocr_line' id='line_1_10' title="bbox 237 1106 1898 1193; baseline 0 -16"><span class='ocrx_word' id='word_1_116' title='bbox 237 1120 266 1177; x_wconf 94' lang='lat' dir='ltr'><strong>in</strong></span> <span class='ocrx_word' id='word_1_117' title='bbox 281 1119 434 1193; x_wconf 79' lang='lat' dir='ltr'><strong>Evangelio</strong></span> <span class='ocrx_word' id='word_1_118' title='bbox 457 1119 527 1178; x_wconf 88' lang='lat' dir='ltr'><strong>dicit</strong></span> <span class='ocrx_word' id='word_1_119' title='bbox 549 1119 584 1178; x_wconf 90' lang='lat' dir='ltr'><strong>de</strong></span> <span class='ocrx_word' id='word_1_120' title='bbox 599 1119 695 1192; x_wconf 88' lang='lat' dir='ltr'><strong>impiis</strong></span> <span class='ocrx_word' id='word_1_121' title='bbox 707 1120 831 1178; x_wconf 83' lang='lat' dir='ltr'><strong>ludaeis:</strong></span> <span class='ocrx_word' id='word_1_122' title='bbox 852 1120 1036 1178; x_wconf 71' lang='lat' dir='ltr'><strong>«Stoenos</strong></span> <span class='ocrx_word' id='word_1_123' title='bbox 1091 1106 1125 1165; x_wconf 77' lang='grc'><strong>88</strong></span> <span class='ocrx_word' id='word_1_124' title='bbox 1152 1108 1333 1180; x_wconf 70' lang='grc'>88888888,</span> <span class='ocrx_word' id='word_1_125' title='bbox 1349 1115 1377 1164; x_wconf 75' lang='grc'><strong>88</strong></span> <span class='ocrx_word' id='word_1_126' title='bbox 1396 1107 1438 1163; x_wconf 71' lang='lat' dir='ltr'><strong>illi</strong></span> <span class='ocrx_word' id='word_1_127' title='bbox 1467 1107 1541 1164; x_wconf 84' lang='grc'>8888</span> <span class='ocrx_word' id='word_1_128' title='bbox 1568 1107 1692 1165; x_wconf 78' lang='grc'>8888888</span> <span class='ocrx_word' id='word_1_129' title='bbox 1716 1110 1898 1172; x_wconf 71' lang='lat' dir='ltr'><strong>damnentur.</strong></span> 
     </span>
    </p>
   </div>
   <div class='ocr_carea' id='block_1_3' title="bbox 236 1205 1987 2002">
    <p class='ocr_par' dir='ltr' id='par_1_4' title="bbox 237 1205 1900 1468">
     <span class='ocr_line' id='line_1_11' title="bbox 237 1205 1900 1285; baseline -0.001 -16"><span class='ocrx_word' id='word_1_130' title='bbox 237 1212 350 1282; x_wconf 88' lang='lat' dir='ltr'><strong>nissem,</strong></span> <span class='ocrx_word' id='word_1_131' title='bbox 365 1219 393 1269; x_wconf 87' lang='lat' dir='ltr'><strong>et</strong></span> <span class='ocrx_word' id='word_1_132' title='bbox 407 1211 518 1269; x_wconf 89' lang='lat' dir='ltr'><strong>locutos</strong></span> <span class='ocrx_word' id='word_1_133' title='bbox 532 1212 572 1269; x_wconf 88' lang='lat' dir='ltr'><strong>eis</strong></span> <span class='ocrx_word' id='word_1_134' title='bbox 586 1211 712 1282; x_wconf 85' lang='lat' dir='ltr'><strong>fuissem,</strong></span> <span class='ocrx_word' id='word_1_135' title='bbox 728 1219 870 1285; x_wconf 90' lang='lat' dir='ltr'><strong>peccatum</strong></span> <span class='ocrx_word' id='word_1_136' title='bbox 886 1229 941 1270; x_wconf 92' lang='lat' dir='ltr'><strong>non</strong></span> <span class='ocrx_word' id='word_1_137' title='bbox 955 1213 1036 1270; x_wconf 90' lang='lat' dir='ltr'><strong>habe·</strong></span> <span class='ocrx_word' id='word_1_138' title='bbox 1090 1206 1142 1264; x_wconf 90' lang='lat' dir='ltr'><strong>Per</strong></span> <span class='ocrx_word' id='word_1_139' title='bbox 1155 1213 1255 1263; x_wconf 82' lang='lat' dir='ltr'><strong>terrem</strong></span> <span class='ocrx_word' id='word_1_140' title='bbox 1279 1222 1345 1263; x_wconf 86' lang='lat' dir='ltr'><strong>vero</strong></span> <span class='ocrx_word' id='word_1_141' title='bbox 1367 1215 1524 1279; x_wconf 80' lang='lat' dir='ltr'><strong>peccatores</strong></span> <span class='ocrx_word' id='word_1_142' title='bbox 1543 1205 1738 1280; x_wconf 75' lang='lat' dir='ltr'><strong>designantur.</strong></span> <span class='ocrx_word' id='word_1_143' title='bbox 1758 1209 1900 1268; x_wconf 70' lang='lat' dir='ltr'><strong>Praedica-</strong></span> 
     </span>
     <span class='ocr_line' id='line_1_12' title="bbox 237 1294 1899 1375; baseline 0.001 -17"><span class='ocrx_word' id='word_1_144' title='bbox 237 1308 299 1358; x_wconf 90' lang='lat' dir='ltr'><strong>rent</strong></span> <span class='ocrx_word' id='word_1_145' title='bbox 311 1301 403 1372; x_wconf 77' lang='lat' dir='ltr'><strong>(deoc.</strong></span> <span class='ocrx_word' id='word_1_146' title='bbox 415 1317 464 1370; x_wconf 84' lang='lat' dir='ltr'><strong>xv,</strong></span> <span class='ocrx_word' id='word_1_147' title='bbox 472 1301 551 1374; x_wconf 78' lang='lat'><strong>22).·</strong></span> <span class='ocrx_word' id='word_1_148' title='bbox 568 1301 707 1375; x_wconf 92' lang='lat' dir='ltr'><strong>Numquid</strong></span> <span class='ocrx_word' id='word_1_149' title='bbox 718 1302 804 1359; x_wconf 75' lang='lat' dir='ltr'><strong>ludaei</strong></span> <span class='ocrx_word' id='word_1_150' title='bbox 816 1311 879 1358; x_wconf 92' lang='lat' dir='ltr'><strong>ante</strong></span> <span class='ocrx_word' id='word_1_151' title='bbox 887 1301 1036 1359; x_wconf 80' lang='lat' dir='ltr'><strong>adventum</strong></span> <span class='ocrx_word' id='word_1_152' title='bbox 1091 1303 1163 1354; x_wconf 88' lang='lat' dir='ltr'><strong>tores</strong></span> <span class='ocrx_word' id='word_1_153' title='bbox 1185 1295 1277 1369; x_wconf 90' lang='lat' dir='ltr'><strong>itaque</strong></span> <span class='ocrx_word' id='word_1_154' title='bbox 1296 1294 1403 1368; x_wconf 88' lang='lat' dir='ltr'><strong>phialas</strong></span> <span class='ocrx_word' id='word_1_155' title='bbox 1430 1312 1494 1352; x_wconf 86' lang='lat' dir='ltr'><strong>snas</strong></span> <span class='ocrx_word' id='word_1_156' title='bbox 1515 1304 1720 1368; x_wconf 76' lang='lat' dir='ltr'><strong>superterram</strong></span> <span class='ocrx_word' id='word_1_157' title='bbox 1738 1297 1899 1370; x_wconf 78' lang='lat' dir='ltr'><strong>effundunt,</strong></span> 
     </span>
     <span class='ocr_line' id='line_1_13' title="bbox 237 1383 1755 1468; baseline -0.001 -16"><span class='ocrx_word' id='word_1_158' title='bbox 237 1392 343 1452; x_wconf 87' lang='lat' dir='ltr'><strong>Christi</strong></span> <span class='ocrx_word' id='word_1_159' title='bbox 357 1399 499 1466; x_wconf 85' lang='lat' dir='ltr'><strong>peccatum</strong></span> <span class='ocrx_word' id='word_1_160' title='bbox 516 1409 570 1450; x_wconf 91' lang='lat' dir='ltr'><strong>non</strong></span> <span class='ocrx_word' id='word_1_161' title='bbox 581 1392 744 1450; x_wconf 80' lang='lat' dir='ltr'><strong>habehant?</strong></span> <span class='ocrx_word' id='word_1_162' title='bbox 758 1393 844 1449; x_wconf 85' lang='lat' dir='ltr'><strong>Erant</strong></span> <span class='ocrx_word' id='word_1_163' title='bbox 858 1393 950 1468; x_wconf 88' lang='lat' dir='ltr'><strong>itaque</strong></span> <span class='ocrx_word' id='word_1_164' title='bbox 958 1401 1038 1451; x_wconf 87' lang='lat' dir='ltr'><strong>antea</strong></span> <span class='ocrx_word' id='word_1_165' title='bbox 1091 1400 1154 1441; x_wconf 84' lang='grc'><strong>888</strong></span> <span class='ocrx_word' id='word_1_166' title='bbox 1170 1384 1285 1440; x_wconf 62' lang='lat' dir='ltr'><strong>verbum</strong></span> <span class='ocrx_word' id='word_1_167' title='bbox 1301 1383 1350 1440; x_wconf 70' lang='grc'><strong>888</strong></span> <span class='ocrx_word' id='word_1_168' title='bbox 1366 1383 1557 1457; x_wconf 76' lang='grc'>8888888888</span> <span class='ocrx_word' id='word_1_169' title='bbox 1571 1386 1755 1442; x_wconf 64' lang='lat' dir='ltr'><strong>annuntiant·</strong></span> 
     </span>
    </p>

    <p class='ocr_par' dir='ltr' id='par_1_5' title="bbox 236 1473 1987 2002">
     <span class='ocr_line' id='line_1_14' title="bbox 238 1473 1899 1554; baseline -0.001 -16"><span class='ocrx_word' id='word_1_170' title='bbox 238 1487 403 1554; x_wconf 84' lang='lat' dir='ltr'><strong>peccatores,</strong></span> <span class='ocrx_word' id='word_1_171' title='bbox 428 1479 476 1536; x_wconf 90' lang='lat' dir='ltr'><strong>sed</strong></span> <span class='ocrx_word' id='word_1_172' title='bbox 498 1487 639 1552; x_wconf 89' lang='lat' dir='ltr'><strong>peccatum</strong></span> <span class='ocrx_word' id='word_1_173' title='bbox 662 1480 874 1550; x_wconf 80' lang='lat' dir='ltr'><strong>incredulitatis,</strong></span> <span class='ocrx_word' id='word_1_174' title='bbox 895 1488 1036 1554; x_wconf 88' lang='lat' dir='ltr'><strong>peccatum</strong></span> <span class='ocrx_word' id='word_1_175' title='bbox 1127 1474 1217 1547; x_wconf 80' lang='lat' dir='ltr'><strong>(Vere.</strong></span> <span class='ocrx_word' id='word_1_176' title='bbox 1238 1473 1278 1545; x_wconf 78' lang='lat'><strong>2.)</strong></span> <span class='ocrx_word' id='word_1_177' title='bbox 1307 1473 1345 1530; x_wconf 78' lang='lat' dir='ltr'><strong>Et</strong></span> <span class='ocrx_word' id='word_1_178' title='bbox 1365 1473 1432 1529; x_wconf 85' lang='lat' dir='ltr'><strong>obiit</strong></span> <span class='ocrx_word' id='word_1_179' title='bbox 1453 1473 1570 1546; x_wconf 59' lang='lat' dir='ltr'><strong>pomos,</strong></span> <span class='ocrx_word' id='word_1_180' title='bbox 1598 1481 1623 1531; x_wconf 84' lang='lat' dir='ltr'><strong>ct</strong></span> <span class='ocrx_word' id='word_1_181' title='bbox 1647 1476 1744 1546; x_wconf 72' lang='lat' dir='ltr'><strong>effodit</strong></span> <span class='ocrx_word' id='word_1_182' title='bbox 1777 1478 1899 1549; x_wconf 77' lang='lat' dir='ltr'><strong>phiolas</strong></span> 
     </span>
     <span class='ocr_line' id='line_1_15' title="bbox 237 1562 1983 1643; baseline -0.001 -17"><span class='ocrx_word' id='word_1_183' title='bbox 237 1568 426 1643; x_wconf 79' lang='lat' dir='ltr'><strong>blasphemie,</strong></span> <span class='ocrx_word' id='word_1_184' title='bbox 442 1585 497 1643; x_wconf 92' lang='lat' dir='ltr'><strong>quo</strong></span> <span class='ocrx_word' id='word_1_185' title='bbox 520 1585 583 1626; x_wconf 88' lang='lat' dir='ltr'><strong>eum</strong></span> <span class='ocrx_word' id='word_1_186' title='bbox 604 1568 756 1628; x_wconf 84' lang='lat' dir='ltr'><strong>Beelzebub</strong></span> <span class='ocrx_word' id='word_1_187' title='bbox 777 1577 956 1638; x_wconf 84' lang='lat' dir='ltr'><strong>vocaverunt,</strong></span> <span class='ocrx_word' id='word_1_188' title='bbox 975 1586 1036 1643; x_wconf 90' lang='lat' dir='ltr'><strong>pec·</strong></span> <span class='ocrx_word' id='word_1_189' title='bbox 1090 1580 1167 1620; x_wconf 84' lang='lat' dir='ltr'><strong>seem</strong></span> <span class='ocrx_word' id='word_1_190' title='bbox 1180 1563 1209 1617; x_wconf 86' lang='lat' dir='ltr'><strong>io</strong></span> <span class='ocrx_word' id='word_1_191' title='bbox 1226 1569 1335 1632; x_wconf 85' lang='lat' dir='ltr'><strong>terrem,</strong></span> <span class='ocrx_word' id='word_1_192' title='bbox 1350 1569 1374 1618; x_wconf 87' lang='lat' dir='ltr'><strong>ct</strong></span> <span class='ocrx_word' id='word_1_193' title='bbox 1386 1562 1487 1634; x_wconf 74' lang='lat' dir='ltr'><strong>{ectum</strong></span> <span class='ocrx_word' id='word_1_194' title='bbox 1509 1571 1548 1619; x_wconf 86' lang='lat' dir='ltr'><strong>cst</strong></span> <span class='ocrx_word' id='word_1_195' title='bbox 1561 1564 1661 1620; x_wconf 80' lang='lat' dir='ltr'><strong>culeos</strong></span> <span class='ocrx_word' id='word_1_196' title='bbox 1675 1581 1780 1620; x_wconf 82' lang='lat' dir='ltr'><strong>cccrum</strong></span> <span class='ocrx_word' id='word_1_197' title='bbox 1803 1583 1836 1622; x_wconf 91' lang='lat' dir='ltr'><strong>oc</strong></span> <span class='ocrx_word' id='word_1_198' title='bbox 1847 1584 1898 1639; x_wconf 78' lang='lat' dir='ltr'><strong>pes·</strong></span> <span class='ocrx_word' id='word_1_199' title='bbox 1982 1575 1983 1578; x_wconf 76' lang='grc'>’</span> 
     </span>
     <span class='ocr_line' id='line_1_16' title="bbox 237 1655 1899 1732; baseline -0.001 -14"><span class='ocrx_word' id='word_1_200' title='bbox 237 1670 328 1718; x_wconf 91' lang='lat' dir='ltr'><strong>catum</strong></span> <span class='ocrx_word' id='word_1_201' title='bbox 344 1659 503 1729; x_wconf 87' lang='lat' dir='ltr'><strong>homicidii,</strong></span> <span class='ocrx_word' id='word_1_202' title='bbox 522 1675 577 1732; x_wconf 93' lang='lat' dir='ltr'><strong>qno</strong></span> <span class='ocrx_word' id='word_1_203' title='bbox 599 1675 662 1716; x_wconf 90' lang='lat' dir='ltr'><strong>eum</strong></span> <span class='ocrx_word' id='word_1_204' title='bbox 677 1659 886 1731; x_wconf 84' lang='lat' dir='ltr'><strong>crucifixerunt,</strong></span> <span class='ocrx_word' id='word_1_205' title='bbox 902 1669 929 1718; x_wconf 89' lang='lat' dir='ltr'><strong>et</strong></span> <span class='ocrx_word' id='word_1_206' title='bbox 950 1659 1038 1717; x_wconf 90' lang='lat' dir='ltr'><strong>multa</strong></span> <span class='ocrx_word' id='word_1_207' title='bbox 1090 1656 1224 1711; x_wconf 76' lang='lat' dir='ltr'><strong>simomin</strong></span> <span class='ocrx_word' id='word_1_208' title='bbox 1238 1655 1397 1725; x_wconf 72' lang='lat' dir='ltr'><strong>hominihus,</strong></span> <span class='ocrx_word' id='word_1_209' title='bbox 1414 1656 1462 1727; x_wconf 85' lang='lat' dir='ltr'><strong>qai</strong></span> <span class='ocrx_word' id='word_1_210' title='bbox 1485 1656 1616 1713; x_wconf 83' lang='lat' dir='ltr'><strong>hobchcct</strong></span> <span class='ocrx_word' id='word_1_211' title='bbox 1638 1658 1824 1716; x_wconf 78' lang='lat' dir='ltr'><strong>characterem</strong></span> <span class='ocrx_word' id='word_1_212' title='bbox 1840 1662 1899 1716; x_wconf 84' lang='lat' dir='ltr'><strong>ber-</strong></span> 
     </span>
     <span class='ocr_line' id='line_1_17' title="bbox 236 1745 1898 1823; baseline 0.001 -16"><span class='ocrx_word' id='word_1_213' title='bbox 236 1750 291 1807; x_wconf 81' lang='lat' dir='ltr'><strong>ella</strong></span> <span class='ocrx_word' id='word_1_214' title='bbox 315 1751 416 1807; x_wconf 87' lang='lat' dir='ltr'><strong>scelera</strong></span> <span class='ocrx_word' id='word_1_215' title='bbox 438 1765 498 1822; x_wconf 73' lang='lat' dir='ltr'><strong>que</strong></span> <span class='ocrx_word' id='word_1_216' title='bbox 517 1764 552 1804; x_wconf 87' lang='lat' dir='ltr'><strong>ox</strong></span> <span class='ocrx_word' id='word_1_217' title='bbox 573 1748 694 1805; x_wconf 79' lang='lat' dir='ltr'><strong>adventu</strong></span> <span class='ocrx_word' id='word_1_218' title='bbox 721 1748 780 1821; x_wconf 86' lang='lat' dir='ltr'><strong>ejus</strong></span> <span class='ocrx_word' id='word_1_219' title='bbox 803 1757 959 1820; x_wconf 84' lang='lat' dir='ltr'><strong>traxerunt,</strong></span> <span class='ocrx_word' id='word_1_220' title='bbox 980 1762 1074 1823; x_wconf 71' lang='lat' dir='ltr'><strong>nono</strong></span> <span class='ocrx_word' id='word_1_221' title='bbox 1092 1746 1144 1814; x_wconf 81' lang='lat' dir='ltr'><strong>tie,</strong></span> <span class='ocrx_word' id='word_1_222' title='bbox 1158 1751 1182 1802; x_wconf 88' lang='lat' dir='ltr'><strong>ct</strong></span> <span class='ocrx_word' id='word_1_223' title='bbox 1194 1746 1223 1801; x_wconf 87' lang='lat' dir='ltr'><strong>irt</strong></span> <span class='ocrx_word' id='word_1_224' title='bbox 1247 1745 1351 1817; x_wconf 82' lang='lat' dir='ltr'><strong>eisqui</strong></span> <span class='ocrx_word' id='word_1_225' title='bbox 1372 1745 1557 1804; x_wconf 82' lang='lat' dir='ltr'><strong>odoraverunt</strong></span> <span class='ocrx_word' id='word_1_226' title='bbox 1576 1747 1724 1820; x_wconf 81' lang='lat' dir='ltr'><strong>imopiocm</strong></span> <span class='ocrx_word' id='word_1_227' title='bbox 1747 1748 1820 1818; x_wconf 82' lang='lat' dir='ltr'><strong>ejas.</strong></span> <span class='ocrx_word' id='word_1_228' title='bbox 1833 1751 1898 1808; x_wconf 84' lang='lat' dir='ltr'><strong>Pri-</strong></span> 
     </span>
     <span class='ocr_line' id='line_1_18' title="bbox 238 1833 1896 1911; baseline 0.001 -18"><span class='ocrx_word' id='word_1_229' title='bbox 238 1836 386 1894; x_wconf 89' lang='lat' dir='ltr'><strong>habebant.</strong></span> <span class='ocrx_word' id='word_1_230' title='bbox 410 1837 443 1892; x_wconf 96' lang='lat' dir='ltr'><strong>ln</strong></span> <span class='ocrx_word' id='word_1_231' title='bbox 467 1835 561 1908; x_wconf 87' lang='lat' dir='ltr'><strong>phiala</strong></span> <span class='ocrx_word' id='word_1_232' title='bbox 586 1843 678 1892; x_wconf 89' lang='lat' dir='ltr'><strong>autem</strong></span> <span class='ocrx_word' id='word_1_233' title='bbox 696 1836 818 1895; x_wconf 85' lang='lat' dir='ltr'><strong>Christi:</strong></span> <span class='ocrx_word' id='word_1_234' title='bbox 845 1838 874 1894; x_wconf 90' lang='lat' dir='ltr'><strong>in</strong></span> <span class='ocrx_word' id='word_1_235' title='bbox 902 1854 956 1911; x_wconf 90' lang='lat' dir='ltr'><strong>qua</strong></span> <span class='ocrx_word' id='word_1_236' title='bbox 979 1839 1038 1895; x_wconf 88' lang='lat' dir='ltr'><strong>vita</strong></span> <span class='ocrx_word' id='word_1_237' title='bbox 1093 1851 1153 1892; x_wconf 90' lang='lat' dir='ltr'><strong>rous</strong></span> <span class='ocrx_word' id='word_1_238' title='bbox 1167 1834 1288 1908; x_wconf 80' lang='lat' dir='ltr'><strong>Angelus</strong></span> <span class='ocrx_word' id='word_1_239' title='bbox 1301 1833 1495 1906; x_wconf 73' lang='lat' dir='ltr'><strong>predicatores</strong></span> <span class='ocrx_word' id='word_1_240' title='bbox 1509 1835 1557 1908; x_wconf 93' lang='lat' dir='ltr'><strong>qni</strong></span> <span class='ocrx_word' id='word_1_241' title='bbox 1572 1842 1637 1892; x_wconf 88' lang='lat' dir='ltr'><strong>ente</strong></span> <span class='ocrx_word' id='word_1_242' title='bbox 1658 1834 1750 1908; x_wconf 86' lang='lat' dir='ltr'><strong>legem</strong></span> <span class='ocrx_word' id='word_1_243' title='bbox 1775 1838 1896 1910; x_wconf 86' lang='lat' dir='ltr'><strong>fuerunt,</strong></span> 
     </span>
     <span class='ocr_line' id='line_1_19' title="bbox 238 1917 1987 2002; baseline 0.003 -21"><span class='ocrx_word' id='word_1_244' title='bbox 238 1925 335 1982; x_wconf 89' lang='lat' dir='ltr'><strong>mundi</strong></span> <span class='ocrx_word' id='word_1_245' title='bbox 350 1924 547 1983; x_wconf 86' lang='lat' dir='ltr'><strong>continebatur</strong></span> <span class='ocrx_word' id='word_1_246' title='bbox 562 1925 634 1997; x_wconf 83' lang='lat' dir='ltr'><strong>(to),</strong></span> <span class='ocrx_word' id='word_1_247' title='bbox 649 1925 736 1984; x_wconf 85' lang='lat' dir='ltr'><strong>ludaei</strong></span> <span class='ocrx_word' id='word_1_248' title='bbox 762 1928 1051 2002; x_wconf 86' lang='lat' dir='ltr'><strong>sniscolpisexigen··</strong></span> <span class='ocrx_word' id='word_1_249' title='bbox 1091 1922 1240 1996; x_wconf 82' lang='lat' dir='ltr'><strong>designat:</strong></span> <span class='ocrx_word' id='word_1_250' title='bbox 1269 1923 1381 1980; x_wconf 87' lang='lat' dir='ltr'><strong>sioutet</strong></span> <span class='ocrx_word' id='word_1_251' title='bbox 1403 1923 1451 1980; x_wconf 89' lang='lat' dir='ltr'><strong>ille</strong></span> <span class='ocrx_word' id='word_1_252' title='bbox 1473 1923 1522 1997; x_wconf 92' lang='lat' dir='ltr'><strong>qui</strong></span> <span class='ocrx_word' id='word_1_253' title='bbox 1546 1925 1575 1981; x_wconf 93' lang='lat' dir='ltr'><strong>iu</strong></span> <span class='ocrx_word' id='word_1_254' title='bbox 1599 1925 1772 1998; x_wconf 71' lang='lat' dir='ltr'><strong>pmoetlenti</strong></span> <span class='ocrx_word' id='word_1_255' title='bbox 1796 1929 1899 1987; x_wconf 84' lang='lat' dir='ltr'><strong>visione</strong></span> <span class='ocrx_word' id='word_1_256' title='bbox 1986 1917 1987 1942; x_wconf 59' lang='lat'>¹</span> 
     </span>
    </p>
   </div>
   <div class='ocr_carea' id='block_1_4' title="bbox 239 2013 1988 2093">
    <p class='ocr_par' dir='ltr' id='par_1_6' title="bbox 239 2013 1988 2093">
     <span class='ocr_line' id='line_1_20' title="bbox 239 2013 1988 2093; baseline 0.002 -21"><span class='ocrx_word' id='word_1_257' title='bbox 239 2015 326 2086; x_wconf 90' lang='lat' dir='ltr'><strong>tibus,</strong></span> <span class='ocrx_word' id='word_1_258' title='bbox 351 2023 467 2073; x_wconf 86' lang='lat' dir='ltr'><strong>mortem</strong></span> <span class='ocrx_word' id='word_1_259' title='bbox 496 2016 675 2073; x_wconf 82' lang='lat' dir='ltr'><strong>invenerunt.</strong></span> <span class='ocrx_word' id='word_1_260' title='bbox 706 2017 808 2075; x_wconf 80' lang='lat' dir='ltr'><strong>Phiale</strong></span> <span class='ocrx_word' id='word_1_261' title='bbox 832 2018 917 2092; x_wconf 90' lang='lat' dir='ltr'><strong>igitur</strong></span> <span class='ocrx_word' id='word_1_262' title='bbox 933 2027 1037 2093; x_wconf 85' lang='lat' dir='ltr'><strong>septem</strong></span> <span class='ocrx_word' id='word_1_263' title='bbox 1091 2013 1274 2086; x_wconf 89' lang='lat' dir='ltr'><strong>tubaprimus</strong></span> <span class='ocrx_word' id='word_1_264' title='bbox 1295 2013 1428 2071; x_wconf 76' lang='lat' dir='ltr'><strong>cecinisse</strong></span> <span class='ocrx_word' id='word_1_265' title='bbox 1445 2013 1523 2070; x_wconf 82' lang='lat' dir='ltr'><strong>risus</strong></span> <span class='ocrx_word' id='word_1_266' title='bbox 1538 2021 1579 2070; x_wconf 89' lang='lat' dir='ltr'><strong>est</strong></span> <span class='ocrx_word' id='word_1_267' title='bbox 1595 2015 1668 2088; x_wconf 88' lang='lat' dir='ltr'><strong>(cop.</strong></span> <span class='ocrx_word' id='word_1_268' title='bbox 1684 2033 1751 2086; x_wconf 88' lang='lat' dir='ltr'><strong>vrn,</strong></span> <span class='ocrx_word' id='word_1_269' title='bbox 1774 2021 1896 2091; x_wconf 76' lang='lat' dir='ltr'><strong>uersi).</strong></span> <span class='ocrx_word' id='word_1_270' title='bbox 1987 2020 1988 2026; x_wconf 77' lang='grc'>’</span> 
     </span>
    </p>
   </div>
   <div class='ocr_carea' id='block_1_5' title="bbox 237 2104 1900 2539">
    <p class='ocr_par' dir='ltr' id='par_1_7' title="bbox 237 2104 1900 2539">
     <span class='ocr_line' id='line_1_21' title="bbox 237 2104 1898 2187; baseline 0.006 -24"><span class='ocrx_word' id='word_1_271' title='bbox 237 2105 398 2178; x_wconf 85' lang='lat' dir='ltr'><strong>angelorum</strong></span> <span class='ocrx_word' id='word_1_272' title='bbox 409 2104 497 2178; x_wconf 84' lang='lat' dir='ltr'><strong>plenae</strong></span> <span class='ocrx_word' id='word_1_273' title='bbox 511 2105 624 2162; x_wconf 84' lang='lat' dir='ltr'><strong>inerunt</strong></span> <span class='ocrx_word' id='word_1_274' title='bbox 638 2106 787 2164; x_wconf 78' lang='lat' dir='ltr'><strong>iracundie</strong></span> <span class='ocrx_word' id='word_1_275' title='bbox 796 2107 863 2176; x_wconf 81' lang='lat' dir='ltr'><strong>liei;</strong></span> <span class='ocrx_word' id='word_1_276' title='bbox 879 2109 1038 2182; x_wconf 90' lang='lat' dir='ltr'><strong>quiaquan-</strong></span> <span class='ocrx_word' id='word_1_277' title='bbox 1091 2107 1144 2166; x_wconf 87' lang='lat' dir='ltr'><strong>Sed</strong></span> <span class='ocrx_word' id='word_1_278' title='bbox 1156 2108 1199 2165; x_wconf 92' lang='lat' dir='ltr'><strong>illi</strong></span> <span class='ocrx_word' id='word_1_279' title='bbox 1213 2125 1260 2181; x_wconf 90' lang='lat' dir='ltr'><strong>per</strong></span> <span class='ocrx_word' id='word_1_280' title='bbox 1273 2109 1384 2166; x_wconf 83' lang='lat' dir='ltr'><strong>tertiam</strong></span> <span class='ocrx_word' id='word_1_281' title='bbox 1394 2117 1500 2182; x_wconf 89' lang='lat' dir='ltr'><strong>partem</strong></span> <span class='ocrx_word' id='word_1_282' title='bbox 1513 2117 1595 2168; x_wconf 78' lang='lat' dir='ltr'><strong>terre</strong></span> <span class='ocrx_word' id='word_1_283' title='bbox 1609 2127 1672 2184; x_wconf 80' lang='lat' dir='ltr'><strong>que</strong></span> <span class='ocrx_word' id='word_1_284' title='bbox 1681 2113 1837 2172; x_wconf 84' lang='lat' dir='ltr'><strong>combusta</strong></span> <span class='ocrx_word' id='word_1_285' title='bbox 1851 2125 1898 2187; x_wconf 82' lang='lat' dir='ltr'><strong>est,</strong></span> 
     </span>
     <span class='ocr_line' id='line_1_22' title="bbox 237 2194 1899 2284; baseline 0.006 -31"><span class='ocrx_word' id='word_1_286' title='bbox 237 2205 297 2254; x_wconf 89' lang='lat' dir='ltr'><strong>tum</strong></span> <span class='ocrx_word' id='word_1_287' title='bbox 323 2195 356 2252; x_wconf 92' lang='lat' dir='ltr'><strong>ad</strong></span> <span class='ocrx_word' id='word_1_288' title='bbox 378 2194 508 2269; x_wconf 90' lang='lat' dir='ltr'><strong>reprobos</strong></span> <span class='ocrx_word' id='word_1_289' title='bbox 533 2195 665 2269; x_wconf 85' lang='lat' dir='ltr'><strong>pertinet,</strong></span> <span class='ocrx_word' id='word_1_290' title='bbox 696 2196 856 2268; x_wconf 78' lang='lat' dir='ltr'><strong>predicatio</strong></span> <span class='ocrx_word' id='word_1_291' title='bbox 879 2207 1037 2284; x_wconf 71' lang='lat' dir='ltr'><strong>sanctornm</strong></span> <span class='ocrx_word' id='word_1_292' title='bbox 1092 2198 1170 2254; x_wconf 90' lang='lat' dir='ltr'><strong>electi</strong></span> <span class='ocrx_word' id='word_1_293' title='bbox 1186 2197 1388 2271; x_wconf 69' lang='lat' dir='ltr'><strong>designantur:</strong></span> <span class='ocrx_word' id='word_1_294' title='bbox 1411 2198 1458 2256; x_wconf 92' lang='lat' dir='ltr'><strong>hic</strong></span> <span class='ocrx_word' id='word_1_295' title='bbox 1477 2207 1568 2257; x_wconf 88' lang='lat' dir='ltr'><strong>autem</strong></span> <span class='ocrx_word' id='word_1_296' title='bbox 1587 2217 1635 2274; x_wconf 91' lang='lat' dir='ltr'><strong>per</strong></span> <span class='ocrx_word' id='word_1_297' title='bbox 1655 2218 1703 2259; x_wconf 89' lang='lat' dir='ltr'><strong>eos</strong></span> <span class='ocrx_word' id='word_1_298' title='bbox 1726 2205 1779 2278; x_wconf 93' lang='lat' dir='ltr'><strong>qui</strong></span> <span class='ocrx_word' id='word_1_299' title='bbox 1802 2207 1899 2263; x_wconf 87' lang='lat' dir='ltr'><strong>vulnus</strong></span> 
     </span>
     <span class='ocr_line' id='line_1_23' title="bbox 237 2285 1900 2364; baseline 0.005 -21"><span class='ocrx_word' id='word_1_300' title='bbox 237 2285 308 2344; x_wconf 89' lang='lat' dir='ltr'><strong>iram</strong></span> <span class='ocrx_word' id='word_1_301' title='bbox 321 2286 372 2344; x_wconf 88' lang='lat' dir='ltr'><strong>Dei</strong></span> <span class='ocrx_word' id='word_1_302' title='bbox 387 2286 416 2343; x_wconf 92' lang='lat' dir='ltr'><strong>in</strong></span> <span class='ocrx_word' id='word_1_303' title='bbox 438 2303 466 2344; x_wconf 89' lang='lat' dir='ltr'><strong>se</strong></span> <span class='ocrx_word' id='word_1_304' title='bbox 479 2287 640 2356; x_wconf 89' lang='lat' dir='ltr'><strong>continuit;</strong></span> <span class='ocrx_word' id='word_1_305' title='bbox 663 2288 728 2360; x_wconf 93' lang='lat' dir='ltr'><strong>quia</strong></span> <span class='ocrx_word' id='word_1_306' title='bbox 742 2305 791 2360; x_wconf 92' lang='lat' dir='ltr'><strong>pro</strong></span> <span class='ocrx_word' id='word_1_307' title='bbox 805 2305 838 2345; x_wconf 89' lang='lat' dir='ltr'><strong>eo</strong></span> <span class='ocrx_word' id='word_1_308' title='bbox 854 2289 928 2362; x_wconf 91' lang='lat' dir='ltr'><strong>quod</strong></span> <span class='ocrx_word' id='word_1_309' title='bbox 942 2305 1037 2346; x_wconf 90' lang='lat' dir='ltr'><strong>eorum</strong></span> <span class='ocrx_word' id='word_1_310' title='bbox 1092 2303 1194 2342; x_wconf 80' lang='lat' dir='ltr'><strong>sevum</strong></span> <span class='ocrx_word' id='word_1_311' title='bbox 1210 2303 1241 2344; x_wconf 88' lang='lat' dir='ltr'><strong>ac</strong></span> <span class='ocrx_word' id='word_1_312' title='bbox 1267 2287 1418 2360; x_wconf 90' lang='lat' dir='ltr'><strong>pessimum</strong></span> <span class='ocrx_word' id='word_1_313' title='bbox 1440 2288 1514 2361; x_wconf 89' lang='lat' dir='ltr'><strong>passi</strong></span> <span class='ocrx_word' id='word_1_314' title='bbox 1538 2297 1613 2359; x_wconf 89' lang='lat' dir='ltr'><strong>sunt,</strong></span> <span class='ocrx_word' id='word_1_315' title='bbox 1639 2293 1766 2364; x_wconf 90' lang='lat' dir='ltr'><strong>reprobi.</strong></span> <span class='ocrx_word' id='word_1_316' title='bbox 1796 2295 1900 2352; x_wconf 81' lang='lat' dir='ltr'><strong>Effudit</strong></span> 
     </span>
     <span class='ocr_line' id='line_1_24' title="bbox 237 2373 1899 2456; baseline 0.005 -22"><span class='ocrx_word' id='word_1_317' title='bbox 237 2376 462 2450; x_wconf 76' lang='lat' dir='ltr'><strong>pradicationem</strong></span> <span class='ocrx_word' id='word_1_318' title='bbox 485 2383 722 2450; x_wconf 86' lang='lat' dir='ltr'><strong>contempserunt,</strong></span> <span class='ocrx_word' id='word_1_319' title='bbox 747 2375 816 2434; x_wconf 88' lang='lat' dir='ltr'><strong>iram</strong></span> <span class='ocrx_word' id='word_1_320' title='bbox 844 2377 894 2434; x_wconf 83' lang='lat' dir='ltr'><strong>liei</strong></span> <span class='ocrx_word' id='word_1_321' title='bbox 912 2378 1040 2436; x_wconf 90' lang='lat' dir='ltr'><strong>incurre-</strong></span> <span class='ocrx_word' id='word_1_322' title='bbox 1093 2373 1177 2448; x_wconf 88' lang='lat' dir='ltr'><strong>igitur</strong></span> <span class='ocrx_word' id='word_1_323' title='bbox 1188 2375 1301 2448; x_wconf 90' lang='lat' dir='ltr'><strong>angelus</strong></span> <span class='ocrx_word' id='word_1_324' title='bbox 1312 2374 1433 2448; x_wconf 89' lang='lat' dir='ltr'><strong>phialam</strong></span> <span class='ocrx_word' id='word_1_325' title='bbox 1448 2393 1527 2434; x_wconf 89' lang='lat' dir='ltr'><strong>snam</strong></span> <span class='ocrx_word' id='word_1_326' title='bbox 1549 2377 1580 2435; x_wconf 93' lang='lat' dir='ltr'><strong>in</strong></span> <span class='ocrx_word' id='word_1_327' title='bbox 1600 2386 1729 2437; x_wconf 88' lang='lat' dir='ltr'><strong>terram:</strong></span> <span class='ocrx_word' id='word_1_328' title='bbox 1756 2383 1827 2456; x_wconf 87' lang='lat' dir='ltr'><strong>quis</strong></span> <span class='ocrx_word' id='word_1_329' title='bbox 1843 2401 1899 2442; x_wconf 80' lang='lat' dir='ltr'><strong>scn-</strong></span> 
     </span>
     <span class='ocr_line' id='line_1_25' title="bbox 237 2464 1900 2539; baseline 0.008 -23"><span class='ocrx_word' id='word_1_330' title='bbox 237 2475 313 2524; x_wconf 65' lang='grc' dir='ltr'>ῃιηο,</span> <span class='ocrx_word' id='word_1_331' title='bbox 386 2518 391 2526; x_wconf 68' lang='grc'><strong>,</strong></span> <span class='ocrx_word' id='word_1_332' title='bbox 1091 2464 1130 2521; x_wconf 92' lang='lat' dir='ltr'><strong>cti</strong></span> <span class='ocrx_word' id='word_1_333' title='bbox 1144 2464 1198 2520; x_wconf 85' lang='lat' dir='ltr'><strong>riri</strong></span> <span class='ocrx_word' id='word_1_334' title='bbox 1214 2464 1262 2537; x_wconf 89' lang='lat' dir='ltr'><strong>qni</strong></span> <span class='ocrx_word' id='word_1_335' title='bbox 1277 2473 1341 2522; x_wconf 85' lang='lat' dir='ltr'><strong>ante</strong></span> <span class='ocrx_word' id='word_1_336' title='bbox 1354 2465 1442 2539; x_wconf 91' lang='lat' dir='ltr'><strong>legem</strong></span> <span class='ocrx_word' id='word_1_337' title='bbox 1457 2466 1583 2535; x_wconf 88' lang='lat' dir='ltr'><strong>luerunt,</strong></span> <span class='ocrx_word' id='word_1_338' title='bbox 1595 2468 1806 2530; x_wconf 84' lang='lat' dir='ltr'><strong>admonitionis</strong></span> <span class='ocrx_word' id='word_1_339' title='bbox 1820 2474 1900 2530; x_wconf 77' lang='lat' dir='ltr'><strong>rerba</strong></span> 
     </span>
    </p>
   </div>
   <div class='ocr_carea' id='block_1_6' title="bbox 274 2536 1993 2646">
    <p class='ocr_par' dir='ltr' id='par_1_8' title="bbox 274 2536 1993 2646">
     <span class='ocr_line' id='line_1_26' title="bbox 274 2536 1993 2646; baseline -0.001 -16"><span class='ocrx_word' id='word_1_340' title='bbox 274 2573 365 2646; x_wconf 79' lang='lat' dir='ltr'><strong>(Vere.</strong></span> <span class='ocrx_word' id='word_1_341' title='bbox 381 2570 423 2642; x_wconf 85' lang='grc'><strong>8.)</strong></span> <span class='ocrx_word' id='word_1_342' title='bbox 439 2573 476 2628; x_wconf 82' lang='lat' dir='ltr'><strong>Et</strong></span> <span class='ocrx_word' id='word_1_343' title='bbox 486 2571 622 2643; x_wconf 83' lang='lat' dir='ltr'><strong>impletum</strong></span> <span class='ocrx_word' id='word_1_344' title='bbox 636 2577 673 2627; x_wconf 85' lang='lat' dir='ltr'><strong>cst</strong></span> <span class='ocrx_word' id='word_1_345' title='bbox 686 2573 811 2644; x_wconf 83' lang='lat' dir='ltr'><strong>templum</strong></span> <span class='ocrx_word' id='word_1_346' title='bbox 829 2571 931 2643; x_wconf 69' lang='lat' dir='ltr'><strong>samec</strong></span> <span class='ocrx_word' id='word_1_347' title='bbox 946 2572 1039 2644; x_wconf 79' lang='lat' dir='ltr'><strong>mojcs·</strong></span> <span class='ocrx_word' id='word_1_348' title='bbox 1093 2552 1401 2628; x_wconf 66' lang='grc'>8888888888888888</span> <span class='ocrx_word' id='word_1_349' title='bbox 1418 2557 1715 2630; x_wconf 70' lang='grc' dir='ltr'>888888888888888ῑ</span> <span class='ocrx_word' id='word_1_350' title='bbox 1732 2561 1784 2618; x_wconf 76' lang='grc'><strong>888</strong></span> <span class='ocrx_word' id='word_1_351' title='bbox 1801 2565 1901 2622; x_wconf 65' lang='lat' dir='ltr'><strong>vulne!</strong></span> <span class='ocrx_word' id='word_1_352' title='bbox 1992 2536 1993 2556; x_wconf 21' lang='lat' dir='ltr'>E</span> 
     </span>
    </p>
   </div>
   <div class='ocr_carea' id='block_1_7' title="bbox 159 2643 1902 2823">
    <p class='ocr_par' dir='ltr' id='par_1_9' title="bbox 159 2640 1994 2823">
     <span class='ocr_line' id='line_1_27' title="bbox 238 2643 1901 2735; baseline 0.005 -33"><span class='ocrx_word' id='word_1_353' title='bbox 238 2667 289 2721; x_wconf 62' lang='lat' dir='ltr'><strong>co</strong></span> <span class='ocrx_word' id='word_1_354' title='bbox 307 2661 368 2727; x_wconf 59' lang='lat' dir='ltr'><strong>oei,</strong></span> <span class='ocrx_word' id='word_1_355' title='bbox 390 2667 413 2716; x_wconf 73' lang='lat' dir='ltr'><strong>o</strong></span> <span class='ocrx_word' id='word_1_356' title='bbox 436 2661 467 2716; x_wconf 53' lang='lat' dir='ltr'><strong>oe</strong></span> <span class='ocrx_word' id='word_1_357' title='bbox 482 2661 579 2718; x_wconf 65' lang='lat' dir='ltr'><strong>„ooo</strong></span> <span class='ocrx_word' id='word_1_358' title='bbox 599 2659 665 2731; x_wconf 42' lang='lat' dir='ltr'><strong>eju&amp;</strong></span> <span class='ocrx_word' id='word_1_359' title='bbox 691 2661 820 2721; x_wconf 58' lang='lat' dir='ltr'><strong>Diximus</strong></span> <span class='ocrx_word' id='word_1_360' title='bbox 844 2663 970 2735; x_wconf 58' lang='lat' dir='ltr'><strong>superius</strong></span> <span class='ocrx_word' id='word_1_361' title='bbox 992 2679 1040 2735; x_wconf 57' lang='lat' dir='ltr'><strong>pe„</strong></span> <span class='ocrx_word' id='word_1_362' title='bbox 1093 2659 1196 2700; x_wconf 81' lang='lat' dir='ltr'><strong>sevum</strong></span> <span class='ocrx_word' id='word_1_363' title='bbox 1217 2659 1249 2701; x_wconf 91' lang='lat' dir='ltr'><strong>ac</strong></span> <span class='ocrx_word' id='word_1_364' title='bbox 1273 2643 1422 2718; x_wconf 89' lang='lat' dir='ltr'><strong>pessimum</strong></span> <span class='ocrx_word' id='word_1_365' title='bbox 1450 2645 1481 2701; x_wconf 93' lang='lat' dir='ltr'><strong>in</strong></span> <span class='ocrx_word' id='word_1_366' title='bbox 1508 2663 1555 2704; x_wconf 90' lang='lat' dir='ltr'><strong>eos</strong></span> <span class='ocrx_word' id='word_1_367' title='bbox 1575 2647 1680 2705; x_wconf 88' lang='lat' dir='ltr'><strong>lactum</strong></span> <span class='ocrx_word' id='word_1_368' title='bbox 1696 2658 1759 2719; x_wconf 53' lang='grc' dir='ltr'><strong>σου</strong></span> <span class='ocrx_word' id='word_1_369' title='bbox 1778 2653 1847 2727; x_wconf 88' lang='lat' dir='ltr'><strong>qnia</strong></span> <span class='ocrx_word' id='word_1_370' title='bbox 1870 2670 1901 2710; x_wconf 84' lang='lat' dir='ltr'><strong>ex</strong></span> 
     </span>
     <span class='ocr_line' id='line_1_28' title="bbox 159 2732 1902 2823; baseline -0.003 -15"><span class='ocrx_word' id='word_1_371' title='bbox 159 2777 163 2782; x_wconf 93' lang='lat'>·</span> <span class='ocrx_word' id='word_1_372' title='bbox 237 2751 373 2823; x_wconf 90' lang='lat' dir='ltr'><strong>templum</strong></span> <span class='ocrx_word' id='word_1_373' title='bbox 390 2749 528 2807; x_wconf 80' lang='lat' dir='ltr'><strong>colestem</strong></span> <span class='ocrx_word' id='word_1_374' title='bbox 546 2749 662 2821; x_wconf 89' lang='lat' dir='ltr'><strong>patriam</strong></span> <span class='ocrx_word' id='word_1_375' title='bbox 687 2749 842 2822; x_wconf 86' lang='lat' dir='ltr'><strong>designari:</strong></span> <span class='ocrx_word' id='word_1_376' title='bbox 860 2750 954 2808; x_wconf 87' lang='lat' dir='ltr'><strong>lumns</strong></span> <span class='ocrx_word' id='word_1_377' title='bbox 972 2767 1039 2808; x_wconf 84' lang='lat' dir='ltr'><strong>vero</strong></span> <span class='ocrx_word' id='word_1_378' title='bbox 1093 2732 1288 2807; x_wconf 69' lang='lat' dir='ltr'><strong>llraedieatione</strong></span> <span class='ocrx_word' id='word_1_379' title='bbox 1301 2741 1459 2791; x_wconf 73' lang='grc'>88888888</span> <span class='ocrx_word' id='word_1_380' title='bbox 1474 2734 1625 2794; x_wconf 75' lang='grc'>88888888</span> <span class='ocrx_word' id='word_1_381' title='bbox 1648 2738 1753 2810; x_wconf 68' lang='lat' dir='ltr'><strong>effecti,</strong></span> <span class='ocrx_word' id='word_1_382' title='bbox 1773 2743 1902 2800; x_wconf 73' lang='lat' dir='ltr'><strong>mandate</strong></span> 
     </span>
    </p>
   </div>
   <div class='ocr_carea' id='block_1_8' title="bbox 239 2823 1996 2912">
    <p class='ocr_par' dir='ltr' id='par_1_10' title="bbox 239 2823 1996 2912">
     <span class='ocr_line' id='line_1_29' title="bbox 239 2823 1996 2912; baseline 0.003 -16"><span class='ocrx_word' id='word_1_383' title='bbox 239 2839 263 2896; x_wconf 89' lang='lat' dir='ltr'><strong>si</strong></span> <span class='ocrx_word' id='word_1_384' title='bbox 275 2839 349 2895; x_wconf 91' lang='lat' dir='ltr'><strong>intra</strong></span> <span class='ocrx_word' id='word_1_385' title='bbox 358 2838 472 2895; x_wconf 91' lang='lat' dir='ltr'><strong>domnm</strong></span> <span class='ocrx_word' id='word_1_386' title='bbox 487 2837 582 2906; x_wconf 85' lang='lat' dir='ltr'><strong>inerit,</strong></span> <span class='ocrx_word' id='word_1_387' title='bbox 598 2837 804 2896; x_wconf 84' lang='lat' dir='ltr'><strong>oculosaloris</strong></span> <span class='ocrx_word' id='word_1_388' title='bbox 813 2839 1038 2912; x_wconf 87' lang='lat' dir='ltr'><strong>perspicientium</strong></span> <span class='ocrx_word' id='word_1_389' title='bbox 1092 2823 1143 2881; x_wconf 68' lang='grc'><strong>888</strong></span> <span class='ocrx_word' id='word_1_390' title='bbox 1156 2824 1521 2897; x_wconf 65' lang='grc' dir='ltr'>80888888888ἱ881888</span> <span class='ocrx_word' id='word_1_391' title='bbox 1534 2841 1655 2901; x_wconf 75' lang='grc'>888888</span> <span class='ocrx_word' id='word_1_392' title='bbox 1670 2845 1780 2886; x_wconf 73' lang='grc'>88888</span> <span class='ocrx_word' id='word_1_393' title='bbox 1799 2847 1903 2906; x_wconf 75' lang='grc'>88188·</span> <span class='ocrx_word' id='word_1_394' title='bbox 1995 2846 1996 2870; x_wconf 64' lang='lat'>¹</span> 
     </span>
    </p>
   </div>
   <div class='ocr_carea' id='block_1_9' title="bbox 237 2911 1902 5500">
    <p class='ocr_par' dir='ltr' id='par_1_11' title="bbox 237 2911 1902 5500">
     <span class='ocr_line' id='line_1_30' title="bbox 240 2911 1901 3006; baseline 0.005 -21"><span class='ocrx_word' id='word_1_395' title='bbox 240 2928 368 2985; x_wconf 87' lang='lat' dir='ltr'><strong>obscuret</strong></span> <span class='ocrx_word' id='word_1_396' title='bbox 381 2945 388 2993; x_wconf 91' lang='grc'>;</span> <span class='ocrx_word' id='word_1_397' title='bbox 403 2935 434 2983; x_wconf 90' lang='lat' dir='ltr'><strong>ut</strong></span> <span class='ocrx_word' id='word_1_398' title='bbox 449 2943 506 2983; x_wconf 94' lang='lat' dir='ltr'><strong>non</strong></span> <span class='ocrx_word' id='word_1_399' title='bbox 525 2926 645 2998; x_wconf 86' lang='lat' dir='ltr'><strong>perlecto</strong></span> <span class='ocrx_word' id='word_1_400' title='bbox 660 2927 767 3000; x_wconf 87' lang='lat' dir='ltr'><strong>possint</strong></span> <span class='ocrx_word' id='word_1_401' title='bbox 780 2927 874 2985; x_wconf 81' lang='lat' dir='ltr'><strong>uidere</strong></span> <span class='ocrx_word' id='word_1_402' title='bbox 889 2945 919 2984; x_wconf 89' lang='lat' dir='ltr'><strong>ea</strong></span> <span class='ocrx_word' id='word_1_403' title='bbox 933 2946 994 3003; x_wconf 80' lang='lat' dir='ltr'><strong>quae</strong></span> <span class='ocrx_word' id='word_1_404' title='bbox 1009 2929 1038 2985; x_wconf 93' lang='lat' dir='ltr'><strong>in</strong></span> <span class='ocrx_word' id='word_1_405' title='bbox 1053 2993 1059 3006; x_wconf 24' lang='grc' dir='ltr'>ἱ</span> <span class='ocrx_word' id='word_1_406' title='bbox 1093 2911 1194 2968; x_wconf 80' lang='grc'>88888</span> <span class='ocrx_word' id='word_1_407' title='bbox 1212 2921 1254 2970; x_wconf 69' lang='grc'><strong>888</strong></span> <span class='ocrx_word' id='word_1_408' title='bbox 1265 2921 1440 2987; x_wconf 63' lang='grc'>8888881888</span> <span class='ocrx_word' id='word_1_409' title='bbox 1455 2914 1648 2974; x_wconf 66' lang='grc'>8888888888</span> <span class='ocrx_word' id='word_1_410' title='bbox 1677 2917 1742 2976; x_wconf 66' lang='grc'>888·</span> <span class='ocrx_word' id='word_1_411' title='bbox 1756 2919 1865 2978; x_wconf 58' lang='grc'>88888</span> <span class='ocrx_word' id='word_1_412' title='bbox 1880 2920 1901 2977; x_wconf 68' lang='grc'><strong>88</strong></span> 
     </span>
     <span class='ocr_line' id='line_1_31' title="bbox 240 3000 1902 3091; baseline 0.007 -18"><span class='ocrx_word' id='word_1_413' title='bbox 240 3017 323 3074; x_wconf 88' lang='lat' dir='ltr'><strong>domo</strong></span> <span class='ocrx_word' id='word_1_414' title='bbox 351 3022 493 3088; x_wconf 76' lang='lat' dir='ltr'><strong>geruntur,</strong></span> <span class='ocrx_word' id='word_1_415' title='bbox 513 3015 659 3087; x_wconf 83' lang='lat' dir='ltr'><strong>Templum</strong></span> <span class='ocrx_word' id='word_1_416' title='bbox 693 3015 778 3088; x_wconf 87' lang='lat' dir='ltr'><strong>igitur</strong></span> <span class='ocrx_word' id='word_1_417' title='bbox 805 3017 924 3074; x_wconf 85' lang='lat' dir='ltr'><strong>ooelestis</strong></span> <span class='ocrx_word' id='word_1_418' title='bbox 945 3017 1039 3091; x_wconf 83' lang='lat' dir='ltr'><strong>patriae</strong></span> <span class='ocrx_word' id='word_1_419' title='bbox 1093 3000 1196 3057; x_wconf 71' lang='grc'>881888</span> <span class='ocrx_word' id='word_1_420' title='bbox 1210 3017 1313 3058; x_wconf 76' lang='grc'>88888</span> <span class='ocrx_word' id='word_1_421' title='bbox 1327 3019 1358 3060; x_wconf 82' lang='grc'><strong>88</strong></span> <span class='ocrx_word' id='word_1_422' title='bbox 1376 3003 1525 3073; x_wconf 75' lang='grc'>88888888</span> <span class='ocrx_word' id='word_1_423' title='bbox 1548 3006 1902 3083; x_wconf 65' lang='lat' dir='ltr'><strong>tantu¹1¹¹1¹⁰d⁰i²d¹l³llf⁰¹</strong></span> 
     </span>
     <span class='ocr_line' id='line_1_32' title="bbox 238 3088 1899 3181; baseline 0.006 -19"><span class='ocrx_word' id='word_1_424' title='bbox 238 3106 322 3163; x_wconf 87' lang='lat' dir='ltr'><strong>modo</strong></span> <span class='ocrx_word' id='word_1_425' title='bbox 337 3105 414 3160; x_wconf 79' lang='lat' dir='ltr'><strong>furno</strong></span> <span class='ocrx_word' id='word_1_426' title='bbox 429 3114 470 3162; x_wconf 89' lang='lat' dir='ltr'><strong>est</strong></span> <span class='ocrx_word' id='word_1_427' title='bbox 484 3104 617 3177; x_wconf 88' lang='lat' dir='ltr'><strong>plenum;</strong></span> <span class='ocrx_word' id='word_1_428' title='bbox 634 3103 698 3180; x_wconf 86' lang='lat' dir='ltr'><strong>quia</strong></span> <span class='ocrx_word' id='word_1_429' title='bbox 714 3105 792 3162; x_wconf 85' lang='lat' dir='ltr'><strong>electi</strong></span> <span class='ocrx_word' id='word_1_430' title='bbox 809 3106 838 3162; x_wconf 92' lang='lat' dir='ltr'><strong>in</strong></span> <span class='ocrx_word' id='word_1_431' title='bbox 857 3106 908 3164; x_wconf 90' lang='lat' dir='ltr'><strong>hac</strong></span> <span class='ocrx_word' id='word_1_432' title='bbox 922 3106 980 3162; x_wconf 79' lang='lat' dir='ltr'><strong>uita</strong></span> <span class='ocrx_word' id='word_1_433' title='bbox 993 3122 1039 3179; x_wconf 93' lang='lat' dir='ltr'><strong>po·</strong></span> <span class='ocrx_word' id='word_1_434' title='bbox 1055 3120 1076 3181; x_wconf 80' lang='lat' dir='ltr'><strong>c</strong></span> <span class='ocrx_word' id='word_1_435' title='bbox 1094 3088 1144 3146; x_wconf 75' lang='grc'><strong>808</strong></span> <span class='ocrx_word' id='word_1_436' title='bbox 1156 3090 1287 3162; x_wconf 67' lang='grc'>8888888»</span> <span class='ocrx_word' id='word_1_437' title='bbox 1303 3098 1330 3147; x_wconf 73' lang='grc'><strong>88</strong></span> <span class='ocrx_word' id='word_1_438' title='bbox 1344 3090 1837 3168; x_wconf 59' lang='grc'>88888888888888881888888888,</span> <span class='ocrx_word' id='word_1_439' title='bbox 1854 3099 1899 3174; x_wconf 69' lang='grc'><strong>888</strong></span> 
     </span>
     <span class='ocr_line' id='line_1_33' title="bbox 239 3179 1898 3267; baseline 0.006 -18"><span class='ocrx_word' id='word_1_440' title='bbox 239 3192 298 3260; x_wconf 88' lang='lat' dir='ltr'><strong>siti,</strong></span> <span class='ocrx_word' id='word_1_441' title='bbox 308 3193 375 3250; x_wconf 89' lang='lat' dir='ltr'><strong>dum</strong></span> <span class='ocrx_word' id='word_1_442' title='bbox 391 3193 487 3250; x_wconf 85' lang='lat' dir='ltr'><strong>oculos</strong></span> <span class='ocrx_word' id='word_1_443' title='bbox 501 3193 668 3250; x_wconf 72' lang='lat' dir='ltr'><strong>mentiosum</strong></span> <span class='ocrx_word' id='word_1_444' title='bbox 682 3193 1037 3267; x_wconf 82' lang='lat' dir='ltr'><strong>adcontemplanducoeles·</strong></span> <span class='ocrx_word' id='word_1_445' title='bbox 1094 3179 1278 3236; x_wconf 67' lang='grc'>8888888888</span> <span class='ocrx_word' id='word_1_446' title='bbox 1298 3179 1393 3238; x_wconf 75' lang='grc'>88888</span> <span class='ocrx_word' id='word_1_447' title='bbox 1417 3179 1586 3252; x_wconf 65' lang='grc'>88888888,</span> <span class='ocrx_word' id='word_1_448' title='bbox 1609 3186 1797 3257; x_wconf 70' lang='grc'>8888888888</span> <span class='ocrx_word' id='word_1_449' title='bbox 1822 3187 1898 3244; x_wconf 83' lang='grc'>8888</span> 
     </span>
     <span class='ocr_line' id='line_1_34' title="bbox 238 3271 1899 3358; baseline 0.008 -19"><span class='ocrx_word' id='word_1_450' title='bbox 238 3283 276 3339; x_wconf 90' lang='lat' dir='ltr'><strong>tia</strong></span> <span class='ocrx_word' id='word_1_451' title='bbox 296 3283 439 3353; x_wconf 90' lang='lat' dir='ltr'><strong>attollunt,</strong></span> <span class='ocrx_word' id='word_1_452' title='bbox 463 3281 649 3340; x_wconf 87' lang='lat' dir='ltr'><strong>obscurantur</strong></span> <span class='ocrx_word' id='word_1_453' title='bbox 667 3283 785 3357; x_wconf 88' lang='lat' dir='ltr'><strong>quadarn</strong></span> <span class='ocrx_word' id='word_1_454' title='bbox 809 3283 937 3358; x_wconf 81' lang='lat' dir='ltr'><strong>caligine,</strong></span> <span class='ocrx_word' id='word_1_455' title='bbox 955 3299 1037 3358; x_wconf 89' lang='lat' dir='ltr'><strong>quam</strong></span> <span class='ocrx_word' id='word_1_456' title='bbox 1093 3277 1134 3326; x_wconf 75' lang='grc'><strong>888</strong></span> <span class='ocrx_word' id='word_1_457' title='bbox 1147 3271 1215 3345; x_wconf 89' lang='lat' dir='ltr'><strong>quid</strong></span> <span class='ocrx_word' id='word_1_458' title='bbox 1228 3272 1264 3328; x_wconf 81' lang='grc'><strong>88</strong></span> <span class='ocrx_word' id='word_1_459' title='bbox 1283 3271 1425 3330; x_wconf 79' lang='grc'>8888888</span> <span class='ocrx_word' id='word_1_460' title='bbox 1448 3272 1553 3332; x_wconf 78' lang='grc'>88888·</span> <span class='ocrx_word' id='word_1_461' title='bbox 1572 3275 1653 3344; x_wconf 77' lang='grc'>0888</span> <span class='ocrx_word' id='word_1_462' title='bbox 1670 3277 1697 3333; x_wconf 65' lang='grc'><strong>88</strong></span> <span class='ocrx_word' id='word_1_463' title='bbox 1723 3292 1775 3351; x_wconf 73' lang='grc'><strong>888</strong></span> <span class='ocrx_word' id='word_1_464' title='bbox 1789 3279 1899 3337; x_wconf 73' lang='grc'>88888</span> 
     </span>
     <span class='ocr_line' id='line_1_35' title="bbox 237 3359 1898 3449; baseline 0.007 -20"><span class='ocrx_word' id='word_1_465' title='bbox 237 3381 471 3432; x_wconf 88' lang='lat' dir='ltr'><strong>transmearenon</strong></span> <span class='ocrx_word' id='word_1_466' title='bbox 487 3383 618 3449; x_wconf 88' lang='lat' dir='ltr'><strong>possunt:</strong></span> <span class='ocrx_word' id='word_1_467' title='bbox 644 3389 726 3448; x_wconf 82' lang='lat' dir='ltr'><strong>quem</strong></span> <span class='ocrx_word' id='word_1_468' title='bbox 751 3373 972 3430; x_wconf 87' lang='lat' dir='ltr'><strong>obscurationem</strong></span> <span class='ocrx_word' id='word_1_469' title='bbox 986 3373 1037 3429; x_wconf 83' lang='lat' dir='ltr'><strong>fu·</strong></span> <span class='ocrx_word' id='word_1_470' title='bbox 1093 3368 1178 3418; x_wconf 69' lang='grc'>88888</span> <span class='ocrx_word' id='word_1_471' title='bbox 1192 3359 1287 3418; x_wconf 77' lang='grc'>88888</span> <span class='ocrx_word' id='word_1_472' title='bbox 1312 3361 1467 3435; x_wconf 78' lang='grc'>88888888</span> <span class='ocrx_word' id='word_1_473' title='bbox 1484 3365 1657 3422; x_wconf 69' lang='grc'>8018888888</span> <span class='ocrx_word' id='word_1_474' title='bbox 1682 3365 1854 3442; x_wconf 66' lang='grc'>8888888888,</span> <span class='ocrx_word' id='word_1_475' title='bbox 1869 3385 1898 3425; x_wconf 85' lang='grc'><strong>88</strong></span> 
     </span>
     <span class='ocr_line' id='line_1_36' title="bbox 239 3448 1899 3536; baseline 0.008 -21"><span class='ocrx_word' id='word_1_476' title='bbox 239 3478 314 3517; x_wconf 79' lang='lat' dir='ltr'><strong>mun</strong></span> <span class='ocrx_word' id='word_1_477' title='bbox 343 3471 433 3520; x_wconf 71' lang='lat' dir='ltr'><strong>roei.</strong></span> <span class='ocrx_word' id='word_1_478' title='bbox 458 3463 535 3519; x_wconf 77' lang='lat' dir='ltr'><strong>nanc</strong></span> <span class='ocrx_word' id='word_1_479' title='bbox 564 3463 712 3536; x_wconf 79' lang='lat' dir='ltr'><strong>caliginem</strong></span> <span class='ocrx_word' id='word_1_480' title='bbox 742 3463 844 3519; x_wconf 78' lang='lat' dir='ltr'><strong>saurus</strong></span> <span class='ocrx_word' id='word_1_481' title='bbox 872 3463 1035 3534; x_wconf 80' lang='lat' dir='ltr'><strong>patiebatur,</strong></span> <span class='ocrx_word' id='word_1_482' title='bbox 1093 3448 1167 3521; x_wconf 82' lang='lat' dir='ltr'><strong>quon</strong></span> <span class='ocrx_word' id='word_1_483' title='bbox 1181 3457 1293 3522; x_wconf 76' lang='lat' dir='ltr'><strong>propter</strong></span> <span class='ocrx_word' id='word_1_484' title='bbox 1307 3450 1382 3508; x_wconf 83' lang='lat' dir='ltr'><strong>ittam</strong></span> <span class='ocrx_word' id='word_1_485' title='bbox 1398 3451 1525 3510; x_wconf 75' lang='lat' dir='ltr'><strong>cranous</strong></span> <span class='ocrx_word' id='word_1_486' title='bbox 1544 3453 1579 3510; x_wconf 78' lang='grc'><strong>8</strong></span> <span class='ocrx_word' id='word_1_487' title='bbox 1597 3455 1670 3512; x_wconf 78' lang='lat' dir='ltr'><strong>0oe¹0</strong></span> <span class='ocrx_word' id='word_1_488' title='bbox 1684 3457 1834 3528; x_wconf 69' lang='lat' dir='ltr'><strong>ceciderit</strong></span> <span class='ocrx_word' id='word_1_489' title='bbox 1848 3459 1899 3515; x_wconf 76' lang='lat' dir='ltr'><strong>sr-</strong></span> 
     </span>
     <span class='ocr_line' id='line_1_37' title="bbox 238 3537 1899 3623; baseline 0.015 -43"><span class='ocrx_word' id='word_1_490' title='bbox 238 3564 301 3604; x_wconf 67' lang='lat' dir='ltr'><strong>cum</strong></span> <span class='ocrx_word' id='word_1_491' title='bbox 329 3549 457 3606; x_wconf 57' lang='lat' dir='ltr'><strong>dicebat:</strong></span> <span class='ocrx_word' id='word_1_492' title='bbox 490 3550 649 3607; x_wconf 60' lang='lat' dir='ltr'><strong>,videmus</strong></span> <span class='ocrx_word' id='word_1_493' title='bbox 674 3566 747 3608; x_wconf 62' lang='lat' dir='ltr'><strong>„uno</strong></span> <span class='ocrx_word' id='word_1_494' title='bbox 768 3567 817 3623; x_wconf 63' lang='lat' dir='ltr'><strong>per</strong></span> <span class='ocrx_word' id='word_1_495' title='bbox 837 3551 978 3623; x_wconf 62' lang='lat' dir='ltr'><strong>speoupum</strong></span> <span class='ocrx_word' id='word_1_496' title='bbox 1007 3549 1036 3606; x_wconf 69' lang='lat' dir='ltr'><strong>io</strong></span> <span class='ocrx_word' id='word_1_497' title='bbox 1092 3545 1199 3595; x_wconf 85' lang='lat' dir='ltr'><strong>vertere</strong></span> <span class='ocrx_word' id='word_1_498' title='bbox 1221 3537 1353 3596; x_wconf 90' lang='lat' dir='ltr'><strong>dehemus</strong></span> <span class='ocrx_word' id='word_1_499' title='bbox 1374 3541 1476 3597; x_wconf 90' lang='lat' dir='ltr'><strong>multos</strong></span> <span class='ocrx_word' id='word_1_500' title='bbox 1502 3543 1605 3599; x_wconf 86' lang='lat' dir='ltr'><strong>clectos</strong></span> <span class='ocrx_word' id='word_1_501' title='bbox 1629 3543 1770 3615; x_wconf 80' lang='lat' dir='ltr'><strong>superbies</strong></span> <span class='ocrx_word' id='word_1_502' title='bbox 1796 3548 1899 3605; x_wconf 82' lang='lat' dir='ltr'><strong>vulnus</strong></span> 
     </span>
     <span class='ocr_line' id='line_1_38' title="bbox 239 3625 1897 3708; baseline 0.01 -19"><span class='ocrx_word' id='word_1_503' title='bbox 239 3634 393 3706; x_wconf 73' lang='lat' dir='ltr'><strong>enigmate,</strong></span> <span class='ocrx_word' id='word_1_504' title='bbox 408 3643 476 3692; x_wconf 91' lang='lat' dir='ltr'><strong>tunc</strong></span> <span class='ocrx_word' id='word_1_505' title='bbox 490 3644 581 3692; x_wconf 65' lang='lat' dir='ltr'><strong>anem</strong></span> <span class='ocrx_word' id='word_1_506' title='bbox 598 3638 666 3694; x_wconf 81' lang='lat' dir='ltr'><strong>facie</strong></span> <span class='ocrx_word' id='word_1_507' title='bbox 688 3638 721 3694; x_wconf 88' lang='lat' dir='ltr'><strong>ad</strong></span> <span class='ocrx_word' id='word_1_508' title='bbox 737 3637 833 3694; x_wconf 80' lang='lat' dir='ltr'><strong>faciem</strong></span> <span class='ocrx_word' id='word_1_509' title='bbox 855 3639 879 3708; x_wconf 87' lang='lat' dir='ltr'><strong>(l</strong></span> <span class='ocrx_word' id='word_1_510' title='bbox 894 3639 956 3695; x_wconf 86' lang='lat' dir='ltr'><strong>Cor.</strong></span> <span class='ocrx_word' id='word_1_511' title='bbox 972 3655 1034 3708; x_wconf 86' lang='lat' dir='ltr'><strong>xur,</strong></span> <span class='ocrx_word' id='word_1_512' title='bbox 1092 3625 1230 3696; x_wconf 71' lang='grc'>88888888,</span> <span class='ocrx_word' id='word_1_513' title='bbox 1246 3628 1294 3685; x_wconf 78' lang='grc'><strong>888</strong></span> <span class='ocrx_word' id='word_1_514' title='bbox 1306 3628 1507 3688; x_wconf 68' lang='grc'>8888888888</span> <span class='ocrx_word' id='word_1_515' title='bbox 1518 3631 1691 3690; x_wconf 75' lang='grc'>88888888</span> <span class='ocrx_word' id='word_1_516' title='bbox 1705 3643 1820 3693; x_wconf 73' lang='grc'>8888888</span> <span class='ocrx_word' id='word_1_517' title='bbox 1830 3653 1897 3695; x_wconf 76' lang='grc'>8888·</span> 
     </span>
     <span class='ocr_line' id='line_1_39' title="bbox 240 3715 1897 3800; baseline 0.011 -34"><span class='ocrx_word' id='word_1_518' title='bbox 240 3723 297 3796; x_wconf 68' lang='lat'><strong>¹2).</strong></span> <span class='ocrx_word' id='word_1_519' title='bbox 313 3748 323 3772; x_wconf 76' lang='lat'>.</span> <span class='ocrx_word' id='word_1_520' title='bbox 342 3725 379 3782; x_wconf 68' lang='lat' dir='ltr'><strong>Ep</strong></span> <span class='ocrx_word' id='word_1_521' title='bbox 395 3723 514 3780; x_wconf 72' lang='lat' dir='ltr'><strong>iterum:</strong></span> <span class='ocrx_word' id='word_1_522' title='bbox 543 3725 752 3782; x_wconf 76' lang='lat' dir='ltr'><strong>«Nunconlom</strong></span> <span class='ocrx_word' id='word_1_523' title='bbox 766 3742 901 3799; x_wconf 69' lang='lat' dir='ltr'><strong>cognosco</strong></span> <span class='ocrx_word' id='word_1_524' title='bbox 924 3743 958 3783; x_wconf 79' lang='lat' dir='ltr'><strong>cx</strong></span> <span class='ocrx_word' id='word_1_525' title='bbox 978 3743 1036 3800; x_wconf 77' lang='lat' dir='ltr'><strong>pop.</strong></span> <span class='ocrx_word' id='word_1_526' title='bbox 1090 3715 1141 3771; x_wconf 68' lang='lat' dir='ltr'><strong>ESt</strong></span> <span class='ocrx_word' id='word_1_527' title='bbox 1160 3725 1250 3772; x_wconf 76' lang='lat' dir='ltr'><strong>aulem</strong></span> <span class='ocrx_word' id='word_1_528' title='bbox 1264 3717 1340 3774; x_wconf 76' lang='lat' dir='ltr'><strong>aliud</strong></span> <span class='ocrx_word' id='word_1_529' title='bbox 1359 3717 1460 3775; x_wconf 73' lang='lat' dir='ltr'><strong>vllium</strong></span> <span class='ocrx_word' id='word_1_530' title='bbox 1485 3719 1646 3792; x_wconf 74' lang='lat' dir='ltr'><strong>piissimum,</strong></span> <span class='ocrx_word' id='word_1_531' title='bbox 1673 3723 1750 3795; x_wconf 79' lang='lat' dir='ltr'><strong>quod</strong></span> <span class='ocrx_word' id='word_1_532' title='bbox 1779 3727 1897 3784; x_wconf 67' lang='lat' dir='ltr'><strong>medic-2·</strong></span> 
     </span>
     <span class='ocr_line' id='line_1_40' title="bbox 238 3806 1899 3888; baseline 0.008 -19"><span class='ocrx_word' id='word_1_533' title='bbox 238 3821 274 3880; x_wconf 89' lang='lat' dir='ltr'><strong>te,</strong></span> <span class='ocrx_word' id='word_1_534' title='bbox 298 3820 365 3871; x_wconf 90' lang='lat' dir='ltr'><strong>tunc</strong></span> <span class='ocrx_word' id='word_1_535' title='bbox 392 3829 457 3870; x_wconf 86' lang='lat' dir='ltr'><strong>vero</strong></span> <span class='ocrx_word' id='word_1_536' title='bbox 483 3828 644 3886; x_wconf 84' lang='lat' dir='ltr'><strong>cognoscem</strong></span> <span class='ocrx_word' id='word_1_537' title='bbox 673 3815 745 3872; x_wconf 89' lang='lat' dir='ltr'><strong>sicut</strong></span> <span class='ocrx_word' id='word_1_538' title='bbox 772 3823 799 3872; x_wconf 92' lang='lat' dir='ltr'><strong>et</strong></span> <span class='ocrx_word' id='word_1_539' title='bbox 826 3814 953 3888; x_wconf 91' lang='lat' dir='ltr'><strong>cognitus</strong></span> <span class='ocrx_word' id='word_1_540' title='bbox 975 3832 1035 3872; x_wconf 90' lang='lat' dir='ltr'><strong>som</strong></span> <span class='ocrx_word' id='word_1_541' title='bbox 1092 3814 1216 3862; x_wconf 89' lang='lat' dir='ltr'><strong>mentum</strong></span> <span class='ocrx_word' id='word_1_542' title='bbox 1232 3806 1401 3878; x_wconf 71' lang='grc'>1888888888</span> <span class='ocrx_word' id='word_1_543' title='bbox 1420 3823 1436 3864; x_wconf 80' lang='grc'><strong>8</strong></span> <span class='ocrx_word' id='word_1_544' title='bbox 1455 3824 1484 3864; x_wconf 85' lang='grc'><strong>88</strong></span> <span class='ocrx_word' id='word_1_545' title='bbox 1500 3825 1609 3882; x_wconf 76' lang='grc'>888888</span> <span class='ocrx_word' id='word_1_546' title='bbox 1629 3812 1777 3880; x_wconf 70' lang='grc'>8881888;</span> <span class='ocrx_word' id='word_1_547' title='bbox 1796 3815 1899 3872; x_wconf 70' lang='lat' dir='ltr'><strong>scimus</strong></span> 
     </span>
     <span class='ocr_line' id='line_1_41' title="bbox 239 3893 1900 3978; baseline 0.001 -20"><span class='ocrx_word' id='word_1_548' title='bbox 239 3900 378 3974; x_wconf 83' lang='lat' dir='ltr'><strong>(lttd.).·</strong></span> <span class='ocrx_word' id='word_1_549' title='bbox 409 3903 447 3959; x_wconf 84' lang='lat' dir='ltr'><strong>Et</strong></span> <span class='ocrx_word' id='word_1_550' title='bbox 465 3903 618 3960; x_wconf 87' lang='lat' dir='ltr'><strong>notandum</strong></span> <span class='ocrx_word' id='word_1_551' title='bbox 647 3904 711 3978; x_wconf 90' lang='lat' dir='ltr'><strong>quia</strong></span> <span class='ocrx_word' id='word_1_552' title='bbox 735 3903 807 3962; x_wconf 78' lang='lat' dir='ltr'><strong>hano</strong></span> <span class='ocrx_word' id='word_1_553' title='bbox 835 3904 1035 3962; x_wconf 75' lang='lat' dir='ltr'><strong>hebetationem</strong></span> <span class='ocrx_word' id='word_1_554' title='bbox 1092 3893 1165 3950; x_wconf 91' lang='lat' dir='ltr'><strong>enim</strong></span> <span class='ocrx_word' id='word_1_555' title='bbox 1181 3893 1322 3954; x_wconf 90' lang='lat' dir='ltr'><strong>diabolum</strong></span> <span class='ocrx_word' id='word_1_556' title='bbox 1336 3911 1395 3954; x_wconf 91' lang='lat' dir='ltr'><strong>esse</strong></span> <span class='ocrx_word' id='word_1_557' title='bbox 1416 3896 1640 3968; x_wconf 87' lang='lat' dir='ltr'><strong>irrevocabilem,</strong></span> <span class='ocrx_word' id='word_1_558' title='bbox 1664 3908 1696 3958; x_wconf 91' lang='lat' dir='ltr'><strong>nt</strong></span> <span class='ocrx_word' id='word_1_559' title='bbox 1712 3904 1900 3972; x_wconf 86' lang='lat' dir='ltr'><strong>nnllolmodo</strong></span> 
     </span>
     <span class='ocr_line' id='line_1_42' title="bbox 237 3983 1897 4066; baseline 0.011 -18"><span class='ocrx_word' id='word_1_560' title='bbox 237 3990 316 4048; x_wconf 89' lang='lat' dir='ltr'><strong>electi</strong></span> <span class='ocrx_word' id='word_1_561' title='bbox 332 3990 465 4065; x_wconf 88' lang='lat' dir='ltr'><strong>quamdiu</strong></span> <span class='ocrx_word' id='word_1_562' title='bbox 479 3992 508 4047; x_wconf 89' lang='lat' dir='ltr'><strong>in</strong></span> <span class='ocrx_word' id='word_1_563' title='bbox 532 3990 585 4048; x_wconf 91' lang='lat' dir='ltr'><strong>hac</strong></span> <span class='ocrx_word' id='word_1_564' title='bbox 604 3991 661 4049; x_wconf 85' lang='lat' dir='ltr'><strong>vite</strong></span> <span class='ocrx_word' id='word_1_565' title='bbox 678 3993 761 4065; x_wconf 90' lang='lat' dir='ltr'><strong>positi</strong></span> <span class='ocrx_word' id='word_1_566' title='bbox 781 4001 856 4062; x_wconf 89' lang='lat' dir='ltr'><strong>sunt,</strong></span> <span class='ocrx_word' id='word_1_567' title='bbox 872 3993 1034 4066; x_wconf 83' lang='lat' dir='ltr'><strong>potiuntur:</strong></span> <span class='ocrx_word' id='word_1_568' title='bbox 1091 3984 1127 4040; x_wconf 81' lang='grc'><strong>88</strong></span> <span class='ocrx_word' id='word_1_569' title='bbox 1143 3983 1336 4056; x_wconf 71' lang='grc'>8888888888</span> <span class='ocrx_word' id='word_1_570' title='bbox 1350 3985 1408 4042; x_wconf 76' lang='grc'><strong>888</strong></span> <span class='ocrx_word' id='word_1_571' title='bbox 1422 3986 1523 4060; x_wconf 68' lang='grc'>888888</span> <span class='ocrx_word' id='word_1_572' title='bbox 1542 3988 1639 4061; x_wconf 75' lang='grc'>80888·</span> <span class='ocrx_word' id='word_1_573' title='bbox 1651 3991 1750 4064; x_wconf 71' lang='grc'>88888</span> <span class='ocrx_word' id='word_1_574' title='bbox 1763 3993 1815 4066; x_wconf 66' lang='lat' dir='ltr'><strong>l1¹¹5</strong></span> <span class='ocrx_word' id='word_1_575' title='bbox 1830 3995 1897 4050; x_wconf 66' lang='grc'><strong>888</strong></span> 
     </span>
     <span class='ocr_line' id='line_1_43' title="bbox 237 4072 1895 4150; baseline 0.008 -9"><span class='ocrx_word' id='word_1_576' title='bbox 237 4090 407 4141; x_wconf 86' lang='lat' dir='ltr'><strong>comantem</strong></span> <span class='ocrx_word' id='word_1_577' title='bbox 422 4083 456 4140; x_wconf 83' lang='lat' dir='ltr'><strong>ed</strong></span> <span class='ocrx_word' id='word_1_578' title='bbox 471 4083 547 4140; x_wconf 90' lang='lat' dir='ltr'><strong>illam</strong></span> <span class='ocrx_word' id='word_1_579' title='bbox 563 4085 909 4143; x_wconf 79' lang='lat' dir='ltr'><strong>colestemheatitndiuem</strong></span> <span class='ocrx_word' id='word_1_580' title='bbox 924 4087 1036 4145; x_wconf 84' lang='lat' dir='ltr'><strong>transie-</strong></span> <span class='ocrx_word' id='word_1_581' title='bbox 1092 4072 1226 4130; x_wconf 77' lang='grc'>8888888</span> <span class='ocrx_word' id='word_1_582' title='bbox 1248 4082 1298 4143; x_wconf 70' lang='grc'><strong>88,</strong></span> <span class='ocrx_word' id='word_1_583' title='bbox 1314 4075 1546 4134; x_wconf 71' lang='grc'>8888888888</span> <span class='ocrx_word' id='word_1_584' title='bbox 1572 4079 1746 4150; x_wconf 76' lang='grc'>88888888</span> <span class='ocrx_word' id='word_1_585' title='bbox 1775 4099 1833 4140; x_wconf 83' lang='grc'><strong>888</strong></span> <span class='ocrx_word' id='word_1_586' title='bbox 1854 4100 1895 4140; x_wconf 71' lang='grc'><strong>88</strong></span> 
     </span>
     <span class='ocr_line' id='line_1_44' title="bbox 237 4161 1895 4242; baseline 0.008 -14"><span class='ocrx_word' id='word_1_587' title='bbox 237 4175 305 4242; x_wconf 84' lang='lat' dir='ltr'><strong>rint,</strong></span> <span class='ocrx_word' id='word_1_588' title='bbox 328 4172 362 4229; x_wconf 81' lang='lat' dir='ltr'><strong>ab</strong></span> <span class='ocrx_word' id='word_1_589' title='bbox 383 4173 472 4230; x_wconf 76' lang='lat' dir='ltr'><strong>ocutis</strong></span> <span class='ocrx_word' id='word_1_590' title='bbox 493 4174 595 4230; x_wconf 77' lang='lat' dir='ltr'><strong>mentis</strong></span> <span class='ocrx_word' id='word_1_591' title='bbox 622 4191 716 4231; x_wconf 76' lang='lat' dir='ltr'><strong>eorum</strong></span> <span class='ocrx_word' id='word_1_592' title='bbox 743 4175 886 4232; x_wconf 76' lang='lat' dir='ltr'><strong>avertetur.</strong></span> <span class='ocrx_word' id='word_1_593' title='bbox 909 4175 987 4233; x_wconf 79' lang='lat' dir='ltr'><strong>Unde</strong></span> <span class='ocrx_word' id='word_1_594' title='bbox 1009 4185 1037 4232; x_wconf 83' lang='lat' dir='ltr'><strong>er</strong></span> <span class='ocrx_word' id='word_1_595' title='bbox 1092 4163 1187 4236; x_wconf 76' lang='lat' dir='ltr'><strong>quiris,</strong></span> <span class='ocrx_word' id='word_1_596' title='bbox 1201 4163 1272 4221; x_wconf 80' lang='lat' dir='ltr'><strong>sicut</strong></span> <span class='ocrx_word' id='word_1_597' title='bbox 1290 4173 1318 4222; x_wconf 78' lang='lat' dir='ltr'><strong>et</strong></span> <span class='ocrx_word' id='word_1_598' title='bbox 1331 4161 1506 4223; x_wconf 76' lang='lat' dir='ltr'><strong>etaeotus&#39;an</strong></span> <span class='ocrx_word' id='word_1_599' title='bbox 1522 4167 1576 4226; x_wconf 75' lang='lat' dir='ltr'><strong>noe</strong></span> <span class='ocrx_word' id='word_1_600' title='bbox 1591 4169 1799 4230; x_wconf 75' lang='lat' dir='ltr'><strong>medicamento</strong></span> <span class='ocrx_word' id='word_1_601' title='bbox 1817 4175 1895 4232; x_wconf 81' lang='lat' dir='ltr'><strong>alie-</strong></span> 
     </span>
     <span class='ocr_line' id='line_1_45' title="bbox 237 4256 1899 4336; baseline 0.004 -19"><span class='ocrx_word' id='word_1_602' title='bbox 237 4261 379 4335; x_wconf 88' lang='lat' dir='ltr'><strong>sequitur:</strong></span> <span class='ocrx_word' id='word_1_603' title='bbox 404 4263 441 4318; x_wconf 86' lang='lat' dir='ltr'><strong>Et</strong></span> <span class='ocrx_word' id='word_1_604' title='bbox 455 4279 529 4318; x_wconf 83' lang='lat' dir='ltr'><strong>ccmo</strong></span> <span class='ocrx_word' id='word_1_605' title='bbox 542 4270 647 4335; x_wconf 84' lang='lat' dir='ltr'><strong>poteret</strong></span> <span class='ocrx_word' id='word_1_606' title='bbox 664 4262 777 4320; x_wconf 81' lang='lat' dir='ltr'><strong>introire</strong></span> <span class='ocrx_word' id='word_1_607' title='bbox 797 4265 826 4319; x_wconf 84' lang='lat' dir='ltr'><strong>ic</strong></span> <span class='ocrx_word' id='word_1_608' title='bbox 842 4266 974 4336; x_wconf 83' lang='lat' dir='ltr'><strong>templum,</strong></span> <span class='ocrx_word' id='word_1_609' title='bbox 991 4266 1035 4322; x_wconf 72' lang='lat' dir='ltr'><strong>do·</strong></span> <span class='ocrx_word' id='word_1_610' title='bbox 1091 4273 1143 4313; x_wconf 88' lang='lat' dir='ltr'><strong>nus</strong></span> <span class='ocrx_word' id='word_1_611' title='bbox 1157 4256 1276 4314; x_wconf 80' lang='lat' dir='ltr'><strong>exsistit.</strong></span> <span class='ocrx_word' id='word_1_612' title='bbox 1288 4258 1361 4332; x_wconf 84' lang='lat' dir='ltr'><strong>Ergo</strong></span> <span class='ocrx_word' id='word_1_613' title='bbox 1375 4259 1424 4334; x_wconf 90' lang='lat' dir='ltr'><strong>qui</strong></span> <span class='ocrx_word' id='word_1_614' title='bbox 1437 4274 1486 4332; x_wconf 89' lang='lat' dir='ltr'><strong>per</strong></span> <span class='ocrx_word' id='word_1_615' title='bbox 1500 4259 1655 4318; x_wconf 88' lang='lat' dir='ltr'><strong>doctrinam</strong></span> <span class='ocrx_word' id='word_1_616' title='bbox 1672 4271 1833 4321; x_wconf 88' lang='lat' dir='ltr'><strong>sanctorum</strong></span> <span class='ocrx_word' id='word_1_617' title='bbox 1848 4266 1899 4322; x_wconf 87' lang='lat' dir='ltr'><strong>Pa·</strong></span> 
     </span>
     <span class='ocr_line' id='line_1_46' title="bbox 237 4347 1898 4426; baseline 0.013 -36"><span class='ocrx_word' id='word_1_618' title='bbox 237 4366 282 4404; x_wconf 67' lang='lat'><strong>„00</strong></span> <span class='ocrx_word' id='word_1_619' title='bbox 293 4359 539 4408; x_wconf 49' lang='lat' dir='ltr'><strong>consummaremur</strong></span> <span class='ocrx_word' id='word_1_620' title='bbox 553 4359 648 4425; x_wconf 53' lang='lat' dir='ltr'><strong>opos„</strong></span> <span class='ocrx_word' id='word_1_621' title='bbox 656 4355 745 4426; x_wconf 54' lang='lat' dir='ltr'><strong>pomo</strong></span> <span class='ocrx_word' id='word_1_622' title='bbox 763 4361 858 4426; x_wconf 54' lang='lat' dir='ltr'><strong>„pom</strong></span> <span class='ocrx_word' id='word_1_623' title='bbox 870 4357 1033 4426; x_wconf 57' lang='lat' dir='ltr'><strong>melorum,</strong></span> <span class='ocrx_word' id='word_1_624' title='bbox 1090 4352 1164 4403; x_wconf 78' lang='lat' dir='ltr'><strong>hum</strong></span> <span class='ocrx_word' id='word_1_625' title='bbox 1180 4363 1195 4403; x_wconf 95' lang='lat' dir='ltr'><strong>a</strong></span> <span class='ocrx_word' id='word_1_626' title='bbox 1209 4347 1358 4406; x_wconf 85' lang='lat' dir='ltr'><strong>sceleribus</strong></span> <span class='ocrx_word' id='word_1_627' title='bbox 1372 4349 1430 4406; x_wconf 89' lang='lat' dir='ltr'><strong>suis</strong></span> <span class='ocrx_word' id='word_1_628' title='bbox 1443 4349 1567 4408; x_wconf 88' lang='lat' dir='ltr'><strong>revocari</strong></span> <span class='ocrx_word' id='word_1_629' title='bbox 1576 4366 1632 4406; x_wconf 89' lang='lat' dir='ltr'><strong>non</strong></span> <span class='ocrx_word' id='word_1_630' title='bbox 1647 4359 1814 4424; x_wconf 86' lang='lat' dir='ltr'><strong>potuerunt,</strong></span> <span class='ocrx_word' id='word_1_631' title='bbox 1830 4354 1898 4411; x_wconf 88' lang='lat' dir='ltr'><strong>cha·</strong></span> 
     </span>
     <span class='ocr_line' id='line_1_47' title="bbox 237 4433 1900 4531; baseline 0.013 -35"><span class='ocrx_word' id='word_1_632' title='bbox 237 4439 379 4512; x_wconf 86' lang='lat' dir='ltr'><strong>Numquid</strong></span> <span class='ocrx_word' id='word_1_633' title='bbox 402 4443 431 4498; x_wconf 94' lang='lat' dir='ltr'><strong>in</strong></span> <span class='ocrx_word' id='word_1_634' title='bbox 452 4443 501 4500; x_wconf 91' lang='lat' dir='ltr'><strong>illa</strong></span> <span class='ocrx_word' id='word_1_635' title='bbox 526 4445 633 4503; x_wconf 88' lang='lat' dir='ltr'><strong>eoelesti</strong></span> <span class='ocrx_word' id='word_1_636' title='bbox 647 4443 819 4501; x_wconf 87' lang='lat' dir='ltr'><strong>beatitudine</strong></span> <span class='ocrx_word' id='word_1_637' title='bbox 831 4443 954 4518; x_wconf 88' lang='lat' dir='ltr'><strong>quotidie</strong></span> <span class='ocrx_word' id='word_1_638' title='bbox 965 4444 1035 4517; x_wconf 86' lang='lat' dir='ltr'><strong>justi</strong></span> <span class='ocrx_word' id='word_1_639' title='bbox 1049 4471 1073 4531; x_wconf 75' lang='lat' dir='ltr'>D</span> <span class='ocrx_word' id='word_1_640' title='bbox 1091 4443 1224 4492; x_wconf 78' lang='grc'>888888</span> <span class='ocrx_word' id='word_1_641' title='bbox 1238 4433 1343 4494; x_wconf 76' lang='grc'>88888</span> <span class='ocrx_word' id='word_1_642' title='bbox 1357 4436 1524 4508; x_wconf 71' lang='grc'>88888888»</span> <span class='ocrx_word' id='word_1_643' title='bbox 1534 4437 1583 4512; x_wconf 89' lang='lat' dir='ltr'><strong>qui</strong></span> <span class='ocrx_word' id='word_1_644' title='bbox 1593 4438 1831 4514; x_wconf 67' lang='grc'>8888888888</span> <span class='ocrx_word' id='word_1_645' title='bbox 1845 4443 1900 4499; x_wconf 81' lang='grc'><strong>88·</strong></span> 
     </span>
     <span class='ocr_line' id='line_1_48' title="bbox 238 4525 1898 4605; baseline 0.011 -22"><span class='ocrx_word' id='word_1_646' title='bbox 238 4543 295 4584; x_wconf 95' lang='lat' dir='ltr'><strong>non</strong></span> <span class='ocrx_word' id='word_1_647' title='bbox 319 4527 486 4588; x_wconf 77' lang='lat' dir='ltr'><strong>introeunti</strong></span> <span class='ocrx_word' id='word_1_648' title='bbox 500 4531 553 4588; x_wconf 89' lang='lat' dir='ltr'><strong>Sed</strong></span> <span class='ocrx_word' id='word_1_649' title='bbox 576 4533 611 4590; x_wconf 87' lang='lat' dir='ltr'><strong>de</strong></span> <span class='ocrx_word' id='word_1_650' title='bbox 636 4534 804 4605; x_wconf 88' lang='lat' dir='ltr'><strong>ingressione</strong></span> <span class='ocrx_word' id='word_1_651' title='bbox 824 4549 969 4605; x_wconf 89' lang='lat' dir='ltr'><strong>corporum</strong></span> <span class='ocrx_word' id='word_1_652' title='bbox 985 4533 1037 4591; x_wconf 91' lang='lat' dir='ltr'><strong>hoc</strong></span> <span class='ocrx_word' id='word_1_653' title='bbox 1092 4525 1404 4604; x_wconf 71' lang='grc'>888888888888888·</span> <span class='ocrx_word' id='word_1_654' title='bbox 1415 4528 1467 4584; x_wconf 61' lang='lat' dir='ltr'><strong>Sed</strong></span> <span class='ocrx_word' id='word_1_655' title='bbox 1483 4528 1547 4603; x_wconf 80' lang='grc'>(188</span> <span class='ocrx_word' id='word_1_656' title='bbox 1560 4527 1705 4599; x_wconf 71' lang='grc'>808888,</span> <span class='ocrx_word' id='word_1_657' title='bbox 1716 4539 1813 4590; x_wconf 77' lang='grc'>88888</span> <span class='ocrx_word' id='word_1_658' title='bbox 1825 4539 1898 4590; x_wconf 80' lang='grc'>888·</span> 
     </span>
     <span class='ocr_line' id='line_1_49' title="bbox 239 4613 1899 4694; baseline 0.013 -23"><span class='ocrx_word' id='word_1_659' title='bbox 239 4613 348 4672; x_wconf 86' lang='lat' dir='ltr'><strong>dietum</strong></span> <span class='ocrx_word' id='word_1_660' title='bbox 377 4632 435 4675; x_wconf 88' lang='lat' dir='ltr'><strong>esse</strong></span> <span class='ocrx_word' id='word_1_661' title='bbox 455 4618 643 4694; x_wconf 88' lang='lat' dir='ltr'><strong>intelligamus</strong></span> <span class='ocrx_word' id='word_1_662' title='bbox 658 4640 665 4690; x_wconf 91' lang='lat'>;</span> <span class='ocrx_word' id='word_1_663' title='bbox 692 4622 721 4678; x_wconf 92' lang='lat' dir='ltr'><strong>in</strong></span> <span class='ocrx_word' id='word_1_664' title='bbox 745 4621 793 4677; x_wconf 89' lang='lat' dir='ltr'><strong>illa</strong></span> <span class='ocrx_word' id='word_1_665' title='bbox 811 4621 913 4694; x_wconf 89' lang='lat' dir='ltr'><strong>qnippe</strong></span> <span class='ocrx_word' id='word_1_666' title='bbox 933 4622 1038 4680; x_wconf 86' lang='lat' dir='ltr'><strong>omlesti</strong></span> <span class='ocrx_word' id='word_1_667' title='bbox 1092 4616 1899 4694; x_wconf 68' lang='grc'>1888,8818880818,8888888888888888888888</span> 
     </span>
     <span class='ocr_line' id='line_1_50' title="bbox 239 4702 1898 4785; baseline 0.013 -25"><span class='ocrx_word' id='word_1_668' title='bbox 239 4703 413 4763; x_wconf 85' lang='lat' dir='ltr'><strong>beatitudine</strong></span> <span class='ocrx_word' id='word_1_669' title='bbox 425 4705 492 4779; x_wconf 88' lang='lat' dir='ltr'><strong>justi</strong></span> <span class='ocrx_word' id='word_1_670' title='bbox 508 4725 563 4766; x_wconf 93' lang='lat' dir='ltr'><strong>non</strong></span> <span class='ocrx_word' id='word_1_671' title='bbox 586 4710 781 4784; x_wconf 89' lang='lat' dir='ltr'><strong>ingrediuntur</strong></span> <span class='ocrx_word' id='word_1_672' title='bbox 799 4727 861 4767; x_wconf 90' lang='lat' dir='ltr'><strong>oum</strong></span> <span class='ocrx_word' id='word_1_673' title='bbox 876 4711 1039 4785; x_wconf 87' lang='lat' dir='ltr'><strong>corporibus</strong></span> <span class='ocrx_word' id='word_1_674' title='bbox 1091 4702 1151 4776; x_wconf 65' lang='grc'>8388</span> <span class='ocrx_word' id='word_1_675' title='bbox 1178 4705 1271 4779; x_wconf 75' lang='grc'>88188</span> <span class='ocrx_word' id='word_1_676' title='bbox 1300 4702 1453 4775; x_wconf 77' lang='grc'>888888;</span> <span class='ocrx_word' id='word_1_677' title='bbox 1482 4722 1545 4763; x_wconf 85' lang='grc'><strong>888</strong></span> <span class='ocrx_word' id='word_1_678' title='bbox 1583 4716 1650 4764; x_wconf 76' lang='grc'>8888</span> <span class='ocrx_word' id='word_1_679' title='bbox 1687 4711 1817 4767; x_wconf 70' lang='grc'>8888818</span> <span class='ocrx_word' id='word_1_680' title='bbox 1856 4711 1898 4766; x_wconf 73' lang='grc'><strong>88</strong></span> 
     </span>
     <span class='ocr_line' id='line_1_51' title="bbox 239 4791 1897 4874; baseline 0.013 -24"><span class='ocrx_word' id='word_1_681' title='bbox 239 4794 307 4862; x_wconf 89' lang='lat' dir='ltr'><strong>suis,</strong></span> <span class='ocrx_word' id='word_1_682' title='bbox 326 4810 413 4867; x_wconf 87' lang='lat' dir='ltr'><strong>osque</strong></span> <span class='ocrx_word' id='word_1_683' title='bbox 432 4795 499 4853; x_wconf 91' lang='lat' dir='ltr'><strong>dum</strong></span> <span class='ocrx_word' id='word_1_684' title='bbox 524 4807 627 4871; x_wconf 87' lang='lat' dir='ltr'><strong>septem</strong></span> <span class='ocrx_word' id='word_1_685' title='bbox 652 4800 736 4873; x_wconf 79' lang='lat' dir='ltr'><strong>plage</strong></span> <span class='ocrx_word' id='word_1_686' title='bbox 759 4807 863 4873; x_wconf 88' lang='lat' dir='ltr'><strong>septem</strong></span> <span class='ocrx_word' id='word_1_687' title='bbox 877 4801 1036 4874; x_wconf 89' lang='lat' dir='ltr'><strong>angelorum</strong></span> <span class='ocrx_word' id='word_1_688' title='bbox 1091 4791 1297 4862; x_wconf 73' lang='grc'>8888888888,</span> <span class='ocrx_word' id='word_1_689' title='bbox 1313 4795 1482 4867; x_wconf 74' lang='grc'>88888888</span> <span class='ocrx_word' id='word_1_690' title='bbox 1496 4794 1709 4867; x_wconf 73' lang='grc'>8888888888</span> <span class='ocrx_word' id='word_1_691' title='bbox 1724 4815 1783 4856; x_wconf 76' lang='grc'>8888</span> <span class='ocrx_word' id='word_1_692' title='bbox 1806 4813 1897 4855; x_wconf 76' lang='grc'>88888·</span> 
     </span>
     <span class='ocr_line' id='line_1_52' title="bbox 239 4881 1895 4963; baseline 0.008 -23"><span class='ocrx_word' id='word_1_693' title='bbox 239 4885 437 4956; x_wconf 87' lang='lat' dir='ltr'><strong>compleantur.</strong></span> <span class='ocrx_word' id='word_1_694' title='bbox 462 4888 500 4945; x_wconf 89' lang='lat' dir='ltr'><strong>De</strong></span> <span class='ocrx_word' id='word_1_695' title='bbox 515 4895 616 4961; x_wconf 88' lang='lat' dir='ltr'><strong>septem</strong></span> <span class='ocrx_word' id='word_1_696' title='bbox 642 4890 729 4963; x_wconf 90' lang='lat' dir='ltr'><strong>plagis</strong></span> <span class='ocrx_word' id='word_1_697' title='bbox 751 4891 877 4963; x_wconf 88' lang='lat' dir='ltr'><strong>superius</strong></span> <span class='ocrx_word' id='word_1_698' title='bbox 889 4890 1035 4948; x_wconf 87' lang='lat' dir='ltr'><strong>diximus:</strong></span> <span class='ocrx_word' id='word_1_699' title='bbox 1091 4882 1196 4939; x_wconf 77' lang='grc'>88888</span> <span class='ocrx_word' id='word_1_700' title='bbox 1215 4897 1304 4950; x_wconf 73' lang='grc'>8888,</span> <span class='ocrx_word' id='word_1_701' title='bbox 1333 4883 1411 4938; x_wconf 77' lang='grc'>8888</span> <span class='ocrx_word' id='word_1_702' title='bbox 1426 4881 1508 4940; x_wconf 76' lang='grc'>8888</span> <span class='ocrx_word' id='word_1_703' title='bbox 1530 4884 1565 4940; x_wconf 68' lang='lat' dir='ltr'><strong>ab</strong></span> <span class='ocrx_word' id='word_1_704' title='bbox 1580 4900 1611 4940; x_wconf 85' lang='grc'><strong>88</strong></span> <span class='ocrx_word' id='word_1_705' title='bbox 1633 4887 1760 4943; x_wconf 72' lang='grc'>8888888</span> <span class='ocrx_word' id='word_1_706' title='bbox 1775 4887 1895 4960; x_wconf 67' lang='lat' dir='ltr'><strong>wlsini,</strong></span> 
     </span>
     <span class='ocr_line' id='line_1_53' title="bbox 238 4970 1896 5047; baseline 0.009 -18"><span class='ocrx_word' id='word_1_707' title='bbox 238 4973 338 5029; x_wconf 90' lang='lat' dir='ltr'><strong>ultima</strong></span> <span class='ocrx_word' id='word_1_708' title='bbox 348 4988 415 5029; x_wconf 85' lang='lat' dir='ltr'><strong>vero</strong></span> <span class='ocrx_word' id='word_1_709' title='bbox 428 4976 506 5047; x_wconf 79' lang='lat' dir='ltr'><strong>plaga</strong></span> <span class='ocrx_word' id='word_1_710' title='bbox 519 4976 583 5046; x_wconf 85' lang='lat' dir='ltr'><strong>erit,</strong></span> <span class='ocrx_word' id='word_1_711' title='bbox 603 4994 666 5034; x_wconf 88' lang='lat' dir='ltr'><strong>curn</strong></span> <span class='ocrx_word' id='word_1_712' title='bbox 686 4979 876 5037; x_wconf 87' lang='lat' dir='ltr'><strong>Antichristus</strong></span> <span class='ocrx_word' id='word_1_713' title='bbox 892 4979 949 5036; x_wconf 90' lang='lat' dir='ltr'><strong>suis</strong></span> <span class='ocrx_word' id='word_1_714' title='bbox 964 4995 1037 5036; x_wconf 88' lang='lat' dir='ltr'><strong>erro·</strong></span> <span class='ocrx_word' id='word_1_715' title='bbox 1090 4970 1220 5028; x_wconf 76' lang='grc'>8888888</span> <span class='ocrx_word' id='word_1_716' title='bbox 1232 4971 1306 5029; x_wconf 70' lang='lat' dir='ltr'><strong>Vinci</strong></span> <span class='ocrx_word' id='word_1_717' title='bbox 1321 4970 1355 5028; x_wconf 81' lang='grc'><strong>88</strong></span> <span class='ocrx_word' id='word_1_718' title='bbox 1371 4971 1550 5040; x_wconf 86' lang='lat' dir='ltr'><strong>hominibus;</strong></span> <span class='ocrx_word' id='word_1_719' title='bbox 1565 4979 1593 5028; x_wconf 74' lang='grc'><strong>88</strong></span> <span class='ocrx_word' id='word_1_720' title='bbox 1618 4989 1652 5030; x_wconf 88' lang='grc'><strong>88</strong></span> <span class='ocrx_word' id='word_1_721' title='bbox 1676 4975 1896 5044; x_wconf 73' lang='grc'>8888888888,</span> 
     </span>
     <span class='ocr_line' id='line_1_54' title="bbox 239 5059 1896 5141; baseline 0.01 -38"><span class='ocrx_word' id='word_1_722' title='bbox 239 5061 316 5119; x_wconf 63' lang='lat' dir='ltr'><strong>ribus</strong></span> <span class='ocrx_word' id='word_1_723' title='bbox 337 5078 423 5136; x_wconf 66' lang='lat' dir='ltr'><strong>genus</strong></span> <span class='ocrx_word' id='word_1_724' title='bbox 446 5063 598 5122; x_wconf 70' lang='lat' dir='ltr'><strong>humanum</strong></span> <span class='ocrx_word' id='word_1_725' title='bbox 622 5066 735 5124; x_wconf 51' lang='lat' dir='ltr'><strong>inficiet·</strong></span> <span class='ocrx_word' id='word_1_726' title='bbox 751 5069 853 5127; x_wconf 67' lang='lat' dir='ltr'><strong>Finitis</strong></span> <span class='ocrx_word' id='word_1_727' title='bbox 866 5076 956 5125; x_wconf 70' lang='lat' dir='ltr'><strong>autom</strong></span> <span class='ocrx_word' id='word_1_728' title='bbox 972 5085 1038 5141; x_wconf 74' lang='lat' dir='ltr'><strong>seq)-</strong></span> <span class='ocrx_word' id='word_1_729' title='bbox 1092 5060 1243 5118; x_wconf 71' lang='lat' dir='ltr'><strong>mendilssils</strong></span> <span class='ocrx_word' id='word_1_730' title='bbox 1255 5059 1509 5134; x_wconf 80' lang='lat' dir='ltr'><strong>etperjtlriisalqlle</strong></span> <span class='ocrx_word' id='word_1_731' title='bbox 1520 5061 1729 5122; x_wconf 61' lang='lat' dir='ltr'><strong>flammantibus</strong></span> <span class='ocrx_word' id='word_1_732' title='bbox 1740 5065 1896 5123; x_wconf 71' lang='grc'>0008011880·</span> 
     </span>
     <span class='ocr_line' id='line_1_55' title="bbox 237 5149 1896 5230; baseline 0.01 -36"><span class='ocrx_word' id='word_1_733' title='bbox 237 5158 294 5208; x_wconf 65' lang='lat' dir='ltr'><strong>om</strong></span> <span class='ocrx_word' id='word_1_734' title='bbox 317 5152 415 5227; x_wconf 62' lang='lat' dir='ltr'><strong>plagis,</strong></span> <span class='ocrx_word' id='word_1_735' title='bbox 441 5170 491 5227; x_wconf 62' lang='lat' dir='ltr'><strong>pro</strong></span> <span class='ocrx_word' id='word_1_736' title='bbox 511 5154 612 5229; x_wconf 69' lang='lat' dir='ltr'><strong>quibus</strong></span> <span class='ocrx_word' id='word_1_737' title='bbox 635 5156 828 5214; x_wconf 61' lang='lat' dir='ltr'><strong>examinando</strong></span> <span class='ocrx_word' id='word_1_738' title='bbox 855 5157 915 5216; x_wconf 70' lang='lat' dir='ltr'><strong>dos</strong></span> <span class='ocrx_word' id='word_1_739' title='bbox 937 5157 1037 5230; x_wconf 69' lang='lat' dir='ltr'><strong>judicii</strong></span> <span class='ocrx_word' id='word_1_740' title='bbox 1091 5149 1174 5208; x_wconf 89' lang='lat' dir='ltr'><strong>nibus</strong></span> <span class='ocrx_word' id='word_1_741' title='bbox 1187 5152 1334 5210; x_wconf 82' lang='lat' dir='ltr'><strong>falsitatem</strong></span> <span class='ocrx_word' id='word_1_742' title='bbox 1347 5169 1424 5210; x_wconf 85' lang='lat' dir='ltr'><strong>soem</strong></span> <span class='ocrx_word' id='word_1_743' title='bbox 1439 5152 1584 5210; x_wconf 87' lang='lat' dir='ltr'><strong>delendere</strong></span> <span class='ocrx_word' id='word_1_744' title='bbox 1598 5162 1754 5212; x_wconf 89' lang='lat' dir='ltr'><strong>conantur:</strong></span> <span class='ocrx_word' id='word_1_745' title='bbox 1770 5156 1896 5230; x_wconf 87' lang='lat' dir='ltr'><strong>dumque</strong></span> 
     </span>
     <span class='ocr_line' id='line_1_56' title="bbox 238 5237 1895 5323; baseline 0.01 -39"><span class='ocrx_word' id='word_1_746' title='bbox 238 5241 296 5312; x_wconf 60' lang='lat' dir='ltr'>fiet,</span> <span class='ocrx_word' id='word_1_747' title='bbox 311 5243 399 5302; x_wconf 65' lang='lat' dir='ltr'><strong>sancti</strong></span> <span class='ocrx_word' id='word_1_748' title='bbox 416 5260 531 5318; x_wconf 69' lang='lat' dir='ltr'><strong>cog-popo</strong></span> <span class='ocrx_word' id='word_1_749' title='bbox 554 5260 602 5302; x_wconf 71' lang='lat' dir='ltr'><strong>guo</strong></span> <span class='ocrx_word' id='word_1_750' title='bbox 623 5246 767 5320; x_wconf 60' lang='lat' dir='ltr'><strong>rccipicm,</strong></span> <span class='ocrx_word' id='word_1_751' title='bbox 789 5259 872 5323; x_wconf 61' lang='lat' dir='ltr'><strong>atquo</strong></span> <span class='ocrx_word' id='word_1_752' title='bbox 891 5248 1037 5320; x_wconf 75' lang='lat' dir='ltr'><strong>intemplo</strong></span> <span class='ocrx_word' id='word_1_753' title='bbox 1091 5237 1192 5297; x_wconf 61' lang='lat' dir='ltr'><strong>limen!</strong></span> <span class='ocrx_word' id='word_1_754' title='bbox 1210 5239 1285 5299; x_wconf 71' lang='lat' dir='ltr'><strong>Vlllssl</strong></span> <span class='ocrx_word' id='word_1_755' title='bbox 1309 5241 1343 5298; x_wconf 68' lang='lat' dir='ltr'><strong>ab</strong></span> <span class='ocrx_word' id='word_1_756' title='bbox 1366 5240 1570 5309; x_wconf 77' lang='lat' dir='ltr'><strong>hominibue,a</strong></span> <span class='ocrx_word' id='word_1_757' title='bbox 1596 5241 1708 5302; x_wconf 72' lang='lat' dir='ltr'><strong>diaholo</strong></span> <span class='ocrx_word' id='word_1_758' title='bbox 1729 5245 1895 5303; x_wconf 77' lang='lat' dir='ltr'><strong>vincuntur.</strong></span> 
     </span>
     <span class='ocr_line' id='line_1_57' title="bbox 239 5328 1895 5406; baseline 0.002 -19"><span class='ocrx_word' id='word_1_759' title='bbox 239 5333 333 5404; x_wconf 79' lang='lat' dir='ltr'><strong>patrie</strong></span> <span class='ocrx_word' id='word_1_760' title='bbox 347 5333 466 5392; x_wconf 87' lang='lat' dir='ltr'><strong>omlestis</strong></span> <span class='ocrx_word' id='word_1_761' title='bbox 481 5333 541 5392; x_wconf 89' lang='lat' dir='ltr'><strong>sine</strong></span> <span class='ocrx_word' id='word_1_762' title='bbox 564 5333 619 5394; x_wconf 87' lang='lat' dir='ltr'><strong>fine</strong></span> <span class='ocrx_word' id='word_1_763' title='bbox 641 5353 705 5394; x_wconf 88' lang='lat' dir='ltr'><strong>curn</strong></span> <span class='ocrx_word' id='word_1_764' title='bbox 727 5338 845 5397; x_wconf 79' lang='lat' dir='ltr'><strong>bertuino</strong></span> <span class='ocrx_word' id='word_1_765' title='bbox 861 5337 1035 5394; x_wconf 89' lang='lat' dir='ltr'><strong>habitabunt.</strong></span> <span class='ocrx_word' id='word_1_766' title='bbox 1092 5328 1272 5403; x_wconf 64' lang='grc'>(18888880</span> <span class='ocrx_word' id='word_1_767' title='bbox 1288 5330 1357 5387; x_wconf 83' lang='lat' dir='ltr'><strong>vitia</strong></span> <span class='ocrx_word' id='word_1_768' title='bbox 1374 5331 1575 5390; x_wconf 77' lang='lat' dir='ltr'><strong>medicamento</strong></span> <span class='ocrx_word' id='word_1_769' title='bbox 1599 5333 1769 5406; x_wconf 73' lang='lat' dir='ltr'><strong>penitentia</strong></span> <span class='ocrx_word' id='word_1_770' title='bbox 1793 5349 1895 5390; x_wconf 81' lang='lat' dir='ltr'><strong>sanam</strong></span> 
     </span>
     <span class='ocr_line' id='line_1_58' title="bbox 237 5421 1896 5500; baseline 0.012 -21"><span class='ocrx_word' id='word_1_771' title='bbox 237 5423 277 5480; x_wconf 90' lang='lat' dir='ltr'><strong>De</strong></span> <span class='ocrx_word' id='word_1_772' title='bbox 301 5425 353 5483; x_wconf 91' lang='lat' dir='ltr'><strong>hac</strong></span> <span class='ocrx_word' id='word_1_773' title='bbox 379 5425 551 5485; x_wconf 89' lang='lat' dir='ltr'><strong>habitatione</strong></span> <span class='ocrx_word' id='word_1_774' title='bbox 577 5427 646 5486; x_wconf 89' lang='lat' dir='ltr'><strong>dicit</strong></span> <span class='ocrx_word' id='word_1_775' title='bbox 671 5429 837 5487; x_wconf 90' lang='lat' dir='ltr'><strong>Psalmista:</strong></span> <span class='ocrx_word' id='word_1_776' title='bbox 866 5425 970 5483; x_wconf 74' lang='lat' dir='ltr'><strong>‹Reali</strong></span> <span class='ocrx_word' id='word_1_777' title='bbox 989 5426 1037 5500; x_wconf 89' lang='lat' dir='ltr'><strong>qui</strong></span> <span class='ocrx_word' id='word_1_778' title='bbox 1091 5429 1152 5488; x_wconf 84' lang='lat' dir='ltr'><strong>tnr;</strong></span> <span class='ocrx_word' id='word_1_779' title='bbox 1171 5421 1244 5478; x_wconf 80' lang='grc'><strong>888</strong></span> <span class='ocrx_word' id='word_1_780' title='bbox 1266 5430 1356 5479; x_wconf 72' lang='grc'>88888</span> <span class='ocrx_word' id='word_1_781' title='bbox 1372 5424 1461 5480; x_wconf 91' lang='lat' dir='ltr'><strong>solum</strong></span> <span class='ocrx_word' id='word_1_782' title='bbox 1477 5423 1678 5497; x_wconf 72' lang='grc'>8888888888</span> <span class='ocrx_word' id='word_1_783' title='bbox 1700 5423 1755 5483; x_wconf 83' lang='grc'><strong>888</strong></span> <span class='ocrx_word' id='word_1_784' title='bbox 1778 5423 1896 5482; x_wconf 69' lang='grc'>8818888</span> 
     </span>
    </p>
   </div>
   <div class='ocr_carea' id='block_1_10' title="bbox 274 5645 964 5724">
    <p class='ocr_par' dir='ltr' id='par_1_12' title="bbox 274 5645 964 5724">
     <span class='ocr_line' id='line_1_59' title="bbox 274 5645 964 5724; baseline 0.006 -20"><span class='ocrx_word' id='word_1_785' title='bbox 274 5645 333 5718; x_wconf 75' lang='grc'>(80)</span> <span class='ocrx_word' id='word_1_786' title='bbox 349 5647 442 5706; x_wconf 82' lang='lat' dir='ltr'><strong>Codex</strong></span> <span class='ocrx_word' id='word_1_787' title='bbox 457 5651 546 5718; x_wconf 73' lang='lat' dir='ltr'><strong>Genu,</strong></span> <span class='ocrx_word' id='word_1_788' title='bbox 562 5651 609 5722; x_wconf 85' lang='lat' dir='ltr'><strong>qui</strong></span> <span class='ocrx_word' id='word_1_789' title='bbox 622 5650 753 5724; x_wconf 85' lang='lat' dir='ltr'><strong>sopicrttio</strong></span> <span class='ocrx_word' id='word_1_790' title='bbox 772 5645 964 5708; x_wconf 77' lang='lat' dir='ltr'><strong>continebatur.</strong></span> 
     </span>
    </p>
   </div>
   <div class='ocr_carea' id='block_1_11' title="bbox 0 0 2027 6164">
    <p class='ocr_par' dir='ltr' id='par_1_13' title="bbox 0 0 2027 6164">
     <span class='ocr_line' id='line_1_60' title="bbox 0 0 2027 6164; baseline 0 0"><span class='ocrx_word' id='word_1_791' title='bbox 0 0 2027 6164; x_wconf 95' lang='lat' dir='ltr'><strong> </strong></span> 
     </span>
    </p>
   </div>
  </div>
 </body>
</html>
