<?xml version="1.0" encoding="UTF-8"?>
<!DOCTYPE html PUBLIC "-//W3C//DTD XHTML 1.0 Transitional//EN"
    "http://www.w3.org/TR/xhtml1/DTD/xhtml1-transitional.dtd">
<html xmlns="http://www.w3.org/1999/xhtml" xml:lang="en" lang="en">
 <head>
  <title>
</title>
<meta http-equiv="Content-Type" content="text/html;charset=utf-8" />
  <meta name='ocr-system' content='tesseract 3.04.00' />
  <meta name='ocr-capabilities' content='ocr_page ocr_carea ocr_par ocr_line ocrx_word'/>
</head>
<body>
  <div class='ocr_page' id='page_1' title='image "./patrologiaecurs131migngoog_0546.png"; bbox 0 0 4038 6168; ppageno 0'>
   <div class='ocr_carea' id='block_1_1' title="bbox 122 287 1769 355">
    <p class='ocr_par' dir='ltr' id='par_1_1' title="bbox 122 287 1769 355">
     <span class='ocr_line' id='line_1_1' title="bbox 122 287 1769 355; baseline 0.004 -7"><span class='ocrx_word' id='word_1_1' title='bbox 122 287 186 350; x_wconf 81' lang='grc'><strong>1081</strong></span> <span class='ocrx_word' id='word_1_2' title='bbox 669 289 717 350; x_wconf 79' lang='lat' dir='ltr'>DE</span> <span class='ocrx_word' id='word_1_3' title='bbox 735 287 968 350; x_wconf 78' lang='lat' dir='ltr'><strong>POENITENTIA</strong></span> <span class='ocrx_word' id='word_1_4' title='bbox 986 288 1091 352; x_wconf 82' lang='lat' dir='ltr'>LIBER</span> <span class='ocrx_word' id='word_1_5' title='bbox 1109 291 1210 350; x_wconf 89' lang='lat' dir='ltr'>UNUS.</span> <span class='ocrx_word' id='word_1_6' title='bbox 1229 304 1235 313; x_wconf 89' lang='lat'><strong><em>‘</em></strong></span> <span class='ocrx_word' id='word_1_7' title='bbox 1433 333 1435 342; x_wconf 72' lang='grc'>.</span> <span class='ocrx_word' id='word_1_8' title='bbox 1700 295 1769 355; x_wconf 81' lang='lat' dir='ltr'>teet</span> 
     </span>
    </p>
   </div>
   <div class='ocr_carea' id='block_1_2' title="bbox 72 411 1778 2190">
    <p class='ocr_par' dir='ltr' id='par_1_2' title="bbox 72 411 1778 2190">
     <span class='ocr_line' id='line_1_2' title="bbox 121 411 1771 494; baseline 0.002 -21"><span class='ocrx_word' id='word_1_9' title='bbox 121 414 225 489; x_wconf 80' lang='lat' dir='ltr'>acujns</span> <span class='ocrx_word' id='word_1_10' title='bbox 245 412 353 472; x_wconf 89' lang='lat' dir='ltr'>semitis</span> <span class='ocrx_word' id='word_1_11' title='bbox 374 411 560 484; x_wconf 69' lang='lat' dir='ltr'>aberraveras,</span> <span class='ocrx_word' id='word_1_12' title='bbox 586 413 687 474; x_wconf 68' lang='lat' dir='ltr'>mutue</span> <span class='ocrx_word' id='word_1_13' title='bbox 712 430 773 489; x_wconf 85' lang='lat' dir='ltr'>qna</span> <span class='ocrx_word' id='word_1_14' title='bbox 792 419 953 488; x_wconf 79' lang='lat' dir='ltr'>gesserash</span> <span class='ocrx_word' id='word_1_15' title='bbox 971 416 1423 490; x_wconf 85' lang='lat' dir='ltr'>stiri.1iarcjuhetetannulum,</span> <span class='ocrx_word' id='word_1_16' title='bbox 1440 418 1561 494; x_wconf 83' lang='lat' dir='ltr'>symboli</span> <span class='ocrx_word' id='word_1_17' title='bbox 1575 427 1683 494; x_wconf 88' lang='lat' dir='ltr'>reparat</span> <span class='ocrx_word' id='word_1_18' title='bbox 1695 419 1771 492; x_wconf 88' lang='lat' dir='ltr'>sigil-</span> 
     </span>
     <span class='ocr_line' id='line_1_3' title="bbox 122 501 1773 583; baseline 0.001 -21"><span class='ocrx_word' id='word_1_19' title='bbox 122 519 210 581; x_wconf 83' lang='lat' dir='ltr'>quare</span> <span class='ocrx_word' id='word_1_20' title='bbox 224 502 299 578; x_wconf 90' lang='lat' dir='ltr'>quod</span> <span class='ocrx_word' id='word_1_21' title='bbox 313 501 413 560; x_wconf 87' lang='lat' dir='ltr'>fueras.</span> <span class='ocrx_word' id='word_1_22' title='bbox 425 502 519 561; x_wconf 91' lang='lat' dir='ltr'>Primo</span> <span class='ocrx_word' id='word_1_23' title='bbox 533 513 559 561; x_wconf 90' lang='lat' dir='ltr'>te</span> <span class='ocrx_word' id='word_1_24' title='bbox 573 501 664 576; x_wconf 89' lang='lat' dir='ltr'>ipsum</span> <span class='ocrx_word' id='word_1_25' title='bbox 678 502 784 574; x_wconf 88' lang='lat' dir='ltr'>iuveni,</span> <span class='ocrx_word' id='word_1_26' title='bbox 799 512 831 562; x_wconf 89' lang='lat' dir='ltr'>ut</span> <span class='ocrx_word' id='word_1_27' title='bbox 845 505 919 578; x_wconf 92' lang='lat' dir='ltr'>quod</span> <span class='ocrx_word' id='word_1_28' title='bbox 973 503 1042 576; x_wconf 90' lang='lat' dir='ltr'>lum,</span> <span class='ocrx_word' id='word_1_29' title='bbox 1063 505 1144 579; x_wconf 86' lang='lat' dir='ltr'>pedes</span> <span class='ocrx_word' id='word_1_30' title='bbox 1168 507 1287 566; x_wconf 89' lang='lat' dir='ltr'>includit</span> <span class='ocrx_word' id='word_1_31' title='bbox 1308 508 1462 566; x_wconf 90' lang='lat' dir='ltr'>munimine</span> <span class='ocrx_word' id='word_1_32' title='bbox 1477 517 1687 583; x_wconf 70' lang='lat' dir='ltr'>praceptorum,</span> <span class='ocrx_word' id='word_1_33' title='bbox 1701 515 1729 565; x_wconf 92' lang='lat' dir='ltr'>et</span> <span class='ocrx_word' id='word_1_34' title='bbox 1742 509 1773 565; x_wconf 93' lang='lat' dir='ltr'>in</span> 
     </span>
     <span class='ocr_line' id='line_1_4' title="bbox 122 590 1772 671; baseline 0.002 -21"><span class='ocrx_word' id='word_1_35' title='bbox 122 593 231 668; x_wconf 78' lang='lat' dir='ltr'>queris,</span> <span class='ocrx_word' id='word_1_36' title='bbox 256 590 404 660; x_wconf 88' lang='lat' dir='ltr'>invenias;</span> <span class='ocrx_word' id='word_1_37' title='bbox 428 591 500 648; x_wconf 92' lang='lat' dir='ltr'>etsi</span> <span class='ocrx_word' id='word_1_38' title='bbox 522 599 549 650; x_wconf 87' lang='lat' dir='ltr'>te</span> <span class='ocrx_word' id='word_1_39' title='bbox 563 591 713 663; x_wconf 89' lang='lat' dir='ltr'>inveneris,</span> <span class='ocrx_word' id='word_1_40' title='bbox 738 594 786 652; x_wconf 90' lang='lat' dir='ltr'>abs</span> <span class='ocrx_word' id='word_1_41' title='bbox 808 601 836 651; x_wconf 91' lang='lat' dir='ltr'>te</span> <span class='ocrx_word' id='word_1_42' title='bbox 859 595 919 668; x_wconf 85' lang='lat' dir='ltr'>ipso</span> <span class='ocrx_word' id='word_1_43' title='bbox 974 595 1147 668; x_wconf 83' lang='lat' dir='ltr'>reparatione</span> <span class='ocrx_word' id='word_1_44' title='bbox 1161 595 1221 669; x_wconf 86' lang='lat' dir='ltr'>ejus</span> <span class='ocrx_word' id='word_1_45' title='bbox 1235 599 1350 655; x_wconf 87' lang='lat' dir='ltr'>mactari</span> <span class='ocrx_word' id='word_1_46' title='bbox 1369 597 1448 670; x_wconf 87' lang='lat' dir='ltr'>jubet</span> <span class='ocrx_word' id='word_1_47' title='bbox 1463 598 1583 656; x_wconf 91' lang='lat' dir='ltr'>vitulum</span> <span class='ocrx_word' id='word_1_48' title='bbox 1605 599 1772 671; x_wconf 87' lang='lat' dir='ltr'>saginatum,</span> 
     </span>
     <span class='ocr_line' id='line_1_5' title="bbox 122 678 1771 762; baseline 0.004 -22"><span class='ocrx_word' id='word_1_49' title='bbox 122 681 190 740; x_wconf 92' lang='lat' dir='ltr'>nibil</span> <span class='ocrx_word' id='word_1_50' title='bbox 204 697 321 756; x_wconf 79' lang='lat' dir='ltr'>quares.</span> <span class='ocrx_word' id='word_1_51' title='bbox 344 678 458 738; x_wconf 87' lang='lat' dir='ltr'>Saccum</span> <span class='ocrx_word' id='word_1_52' title='bbox 473 680 569 750; x_wconf 89' lang='lat' dir='ltr'>indue,</span> <span class='ocrx_word' id='word_1_53' title='bbox 593 683 715 740; x_wconf 90' lang='lat' dir='ltr'>cinerem</span> <span class='ocrx_word' id='word_1_54' title='bbox 735 697 861 756; x_wconf 86' lang='lat' dir='ltr'>asperge,</span> <span class='ocrx_word' id='word_1_55' title='bbox 889 683 919 740; x_wconf 92' lang='lat' dir='ltr'>iu</span> <span class='ocrx_word' id='word_1_56' title='bbox 974 683 1026 740; x_wconf 89' lang='lat' dir='ltr'>hoc</span> <span class='ocrx_word' id='word_1_57' title='bbox 1037 692 1089 755; x_wconf 90' lang='lat' dir='ltr'>est,</span> <span class='ocrx_word' id='word_1_58' title='bbox 1105 702 1154 758; x_wconf 91' lang='lat' dir='ltr'>pro</span> <span class='ocrx_word' id='word_1_59' title='bbox 1168 687 1345 746; x_wconf 89' lang='lat' dir='ltr'>reconciliato</span> <span class='ocrx_word' id='word_1_60' title='bbox 1355 689 1448 746; x_wconf 88' lang='lat' dir='ltr'>offerri</span> <span class='ocrx_word' id='word_1_61' title='bbox 1460 687 1576 762; x_wconf 89' lang='lat' dir='ltr'>imperat</span> <span class='ocrx_word' id='word_1_62' title='bbox 1585 687 1771 762; x_wconf 88' lang='lat' dir='ltr'>gratissimum</span> 
     </span>
     <span class='ocr_line' id='line_1_6' title="bbox 120 767 1772 852; baseline 0.004 -24"><span class='ocrx_word' id='word_1_63' title='bbox 120 769 225 846; x_wconf 85' lang='lat' dir='ltr'>jejunio</span> <span class='ocrx_word' id='word_1_64' title='bbox 250 784 358 842; x_wconf 83' lang='lat' dir='ltr'>semper</span> <span class='ocrx_word' id='word_1_65' title='bbox 381 784 440 838; x_wconf 89' lang='lat' dir='ltr'>ore,</span> <span class='ocrx_word' id='word_1_66' title='bbox 464 767 494 826; x_wconf 89' lang='lat' dir='ltr'>in</span> <span class='ocrx_word' id='word_1_67' title='bbox 517 769 642 829; x_wconf 89' lang='lat' dir='ltr'>oratione</span> <span class='ocrx_word' id='word_1_68' title='bbox 662 768 769 843; x_wconf 84' lang='lat' dir='ltr'>jejuna.</span> <span class='ocrx_word' id='word_1_69' title='bbox 795 771 918 830; x_wconf 81' lang='lat' dir='ltr'>Pretiosa</span> <span class='ocrx_word' id='word_1_70' title='bbox 974 774 1152 843; x_wconf 88' lang='lat' dir='ltr'>sacrificium,</span> <span class='ocrx_word' id='word_1_71' title='bbox 1170 777 1246 850; x_wconf 92' lang='lat' dir='ltr'>quod</span> <span class='ocrx_word' id='word_1_72' title='bbox 1259 786 1329 835; x_wconf 89' lang='lat' dir='ltr'>esset</span> <span class='ocrx_word' id='word_1_73' title='bbox 1342 787 1485 852; x_wconf 86' lang='lat' dir='ltr'>acceptum</span> <span class='ocrx_word' id='word_1_74' title='bbox 1502 785 1529 834; x_wconf 90' lang='lat' dir='ltr'>et</span> <span class='ocrx_word' id='word_1_75' title='bbox 1545 778 1615 834; x_wconf 90' lang='lat' dir='ltr'>coelo</span> <span class='ocrx_word' id='word_1_76' title='bbox 1627 784 1655 834; x_wconf 89' lang='lat' dir='ltr'>et</span> <span class='ocrx_word' id='word_1_77' title='bbox 1669 778 1772 835; x_wconf 84' lang='lat' dir='ltr'>exerci-</span> 
     </span>
     <span class='ocr_line' id='line_1_7' title="bbox 72 857 1773 942; baseline 0.003 -25"><span class='ocrx_word' id='word_1_78' title='bbox 72 929 80 940; x_wconf 83' lang='lat'><em>,</em></span> <span class='ocrx_word' id='word_1_79' title='bbox 122 858 208 934; x_wconf 87' lang='lat' dir='ltr'>magis</span> <span class='ocrx_word' id='word_1_80' title='bbox 229 858 290 916; x_wconf 81' lang='lat' dir='ltr'>hac</span> <span class='ocrx_word' id='word_1_81' title='bbox 309 865 384 927; x_wconf 89' lang='lat' dir='ltr'>sunt,</span> <span class='ocrx_word' id='word_1_82' title='bbox 405 857 506 932; x_wconf 88' lang='lat' dir='ltr'>quibus</span> <span class='ocrx_word' id='word_1_83' title='bbox 520 875 620 933; x_wconf 88' lang='lat' dir='ltr'>corpus</span> <span class='ocrx_word' id='word_1_84' title='bbox 634 859 773 927; x_wconf 84' lang='lat' dir='ltr'>afficitur3</span> <span class='ocrx_word' id='word_1_85' title='bbox 798 869 829 918; x_wconf 92' lang='lat' dir='ltr'>nt</span> <span class='ocrx_word' id='word_1_86' title='bbox 851 861 919 934; x_wconf 88' lang='lat' dir='ltr'>pul·</span> <span class='ocrx_word' id='word_1_87' title='bbox 973 864 1048 922; x_wconf 90' lang='lat' dir='ltr'>tihus</span> <span class='ocrx_word' id='word_1_88' title='bbox 1061 867 1231 939; x_wconf 90' lang='lat' dir='ltr'>angelorum.</span> <span class='ocrx_word' id='word_1_89' title='bbox 1246 870 1382 926; x_wconf 84' lang='lat' dir='ltr'>Erexerat</span> <span class='ocrx_word' id='word_1_90' title='bbox 1396 869 1425 926; x_wconf 96' lang='lat' dir='ltr'>in</span> <span class='ocrx_word' id='word_1_91' title='bbox 1436 867 1558 942; x_wconf 90' lang='lat' dir='ltr'>germani</span> <span class='ocrx_word' id='word_1_92' title='bbox 1573 866 1668 924; x_wconf 89' lang='lat' dir='ltr'>odium</span> <span class='ocrx_word' id='word_1_93' title='bbox 1678 866 1773 924; x_wconf 89' lang='lat' dir='ltr'>fratris</span> 
     </span>
     <span class='ocr_line' id='line_1_8' title="bbox 121 947 1772 1031; baseline 0.002 -23"><span class='ocrx_word' id='word_1_94' title='bbox 121 949 251 1008; x_wconf 88' lang='lat' dir='ltr'>chritudo</span> <span class='ocrx_word' id='word_1_95' title='bbox 273 947 359 1004; x_wconf 89' lang='lat' dir='ltr'>animi</span> <span class='ocrx_word' id='word_1_96' title='bbox 381 955 532 1019; x_wconf 90' lang='lat' dir='ltr'>reparetur.</span> <span class='ocrx_word' id='word_1_97' title='bbox 559 949 660 1006; x_wconf 88' lang='lat' dir='ltr'>Horret</span> <span class='ocrx_word' id='word_1_98' title='bbox 683 947 799 1006; x_wconf 89' lang='lat' dir='ltr'>humilis</span> <span class='ocrx_word' id='word_1_99' title='bbox 821 949 917 1020; x_wconf 89' lang='lat' dir='ltr'>vestis,</span> <span class='ocrx_word' id='word_1_100' title='bbox 973 953 1095 1011; x_wconf 89' lang='lat' dir='ltr'>severior</span> <span class='ocrx_word' id='word_1_101' title='bbox 1107 957 1266 1028; x_wconf 89' lang='lat' dir='ltr'>pertinacia,</span> <span class='ocrx_word' id='word_1_102' title='bbox 1277 959 1447 1031; x_wconf 88' lang='lat' dir='ltr'>exprobrans</span> <span class='ocrx_word' id='word_1_103' title='bbox 1464 957 1582 1014; x_wconf 87' lang='lat' dir='ltr'>crimina</span> <span class='ocrx_word' id='word_1_104' title='bbox 1596 957 1700 1029; x_wconf 75' lang='lat' dir='ltr'>recepti</span> <span class='ocrx_word' id='word_1_105' title='bbox 1716 971 1772 1012; x_wconf 88' lang='lat' dir='ltr'>ma·</span> 
     </span>
     <span class='ocr_line' id='line_1_9' title="bbox 122 1035 1772 1118; baseline 0.003 -21"><span class='ocrx_word' id='word_1_106' title='bbox 122 1039 168 1098; x_wconf 92' lang='lat' dir='ltr'>sed</span> <span class='ocrx_word' id='word_1_107' title='bbox 182 1038 236 1096; x_wconf 91' lang='lat' dir='ltr'>hoc</span> <span class='ocrx_word' id='word_1_108' title='bbox 250 1037 330 1094; x_wconf 90' lang='lat' dir='ltr'>valde</span> <span class='ocrx_word' id='word_1_109' title='bbox 344 1035 433 1104; x_wconf 88' lang='lat' dir='ltr'>decet,</span> <span class='ocrx_word' id='word_1_110' title='bbox 449 1035 523 1110; x_wconf 89' lang='lat' dir='ltr'>quod</span> <span class='ocrx_word' id='word_1_111' title='bbox 536 1037 595 1095; x_wconf 89' lang='lat' dir='ltr'>Deo</span> <span class='ocrx_word' id='word_1_112' title='bbox 609 1052 665 1093; x_wconf 92' lang='lat' dir='ltr'>non</span> <span class='ocrx_word' id='word_1_113' title='bbox 680 1035 825 1110; x_wconf 89' lang='lat' dir='ltr'>displicet:</span> <span class='ocrx_word' id='word_1_114' title='bbox 853 1037 919 1096; x_wconf 92' lang='lat' dir='ltr'>vilis</span> <span class='ocrx_word' id='word_1_115' title='bbox 971 1041 1016 1114; x_wconf 88' lang='lat' dir='ltr'>jor</span> <span class='ocrx_word' id='word_1_116' title='bbox 1029 1043 1104 1101; x_wconf 83' lang='lat' dir='ltr'>filim</span> <span class='ocrx_word' id='word_1_117' title='bbox 1118 1045 1292 1104; x_wconf 79' lang='lat' dir='ltr'>contradicit.</span> <span class='ocrx_word' id='word_1_118' title='bbox 1309 1047 1471 1106; x_wconf 90' lang='lat' dir='ltr'>blandatum</span> <span class='ocrx_word' id='word_1_119' title='bbox 1487 1063 1543 1104; x_wconf 91' lang='lat' dir='ltr'>uon</span> <span class='ocrx_word' id='word_1_120' title='bbox 1555 1045 1772 1118; x_wconf 63' lang='lat' dir='ltr'>revocatuupie-</span> 
     </span>
     <span class='ocr_line' id='line_1_10' title="bbox 122 1128 1773 1207; baseline 0.001 -18"><span class='ocrx_word' id='word_1_121' title='bbox 122 1139 161 1189; x_wconf 90' lang='lat' dir='ltr'>est</span> <span class='ocrx_word' id='word_1_122' title='bbox 174 1128 298 1203; x_wconf 88' lang='lat' dir='ltr'>corporis</span> <span class='ocrx_word' id='word_1_123' title='bbox 315 1129 419 1198; x_wconf 90' lang='lat' dir='ltr'>cultus,</span> <span class='ocrx_word' id='word_1_124' title='bbox 443 1129 491 1186; x_wconf 90' lang='lat' dir='ltr'>sed</span> <span class='ocrx_word' id='word_1_125' title='bbox 513 1129 571 1205; x_wconf 87' lang='lat' dir='ltr'>ipse</span> <span class='ocrx_word' id='word_1_126' title='bbox 584 1131 742 1205; x_wconf 75' lang='lat' dir='ltr'>precipuus</span> <span class='ocrx_word' id='word_1_127' title='bbox 764 1129 919 1188; x_wconf 78' lang='lat' dir='ltr'>sanctitatis</span> <span class='ocrx_word' id='word_1_128' title='bbox 973 1135 1015 1185; x_wconf 90' lang='lat' dir='ltr'>tas</span> <span class='ocrx_word' id='word_1_129' title='bbox 1030 1129 1114 1202; x_wconf 88' lang='lat' dir='ltr'>patris</span> <span class='ocrx_word' id='word_1_130' title='bbox 1127 1145 1183 1187; x_wconf 91' lang='lat' dir='ltr'>non</span> <span class='ocrx_word' id='word_1_131' title='bbox 1199 1139 1332 1202; x_wconf 65' lang='lat' dir='ltr'>meatur,</span> <span class='ocrx_word' id='word_1_132' title='bbox 1359 1135 1445 1192; x_wconf 87' lang='lat' dir='ltr'>frater</span> <span class='ocrx_word' id='word_1_133' title='bbox 1458 1134 1517 1207; x_wconf 87' lang='lat' dir='ltr'>ejus</span> <span class='ocrx_word' id='word_1_134' title='bbox 1536 1133 1679 1198; x_wconf 88' lang='lat' dir='ltr'>asseritur,</span> <span class='ocrx_word' id='word_1_135' title='bbox 1698 1133 1773 1190; x_wconf 85' lang='lat' dir='ltr'>silius</span> 
     </span>
     <span class='ocr_line' id='line_1_11' title="bbox 122 1218 1774 1298; baseline 0.001 -20"><span class='ocrx_word' id='word_1_136' title='bbox 122 1227 244 1278; x_wconf 88' lang='lat' dir='ltr'>ornatus.</span> <span class='ocrx_word' id='word_1_137' title='bbox 273 1220 309 1277; x_wconf 84' lang='lat' dir='ltr'>Et</span> <span class='ocrx_word' id='word_1_138' title='bbox 324 1218 414 1277; x_wconf 90' lang='lat' dir='ltr'>adbuc</span> <span class='ocrx_word' id='word_1_139' title='bbox 431 1219 465 1278; x_wconf 92' lang='lat' dir='ltr'>de</span> <span class='ocrx_word' id='word_1_140' title='bbox 483 1219 647 1293; x_wconf 75' lang='lat' dir='ltr'>indignitate</span> <span class='ocrx_word' id='word_1_141' title='bbox 668 1221 785 1280; x_wconf 84' lang='lat' dir='ltr'>forsitan</span> <span class='ocrx_word' id='word_1_142' title='bbox 797 1219 920 1294; x_wconf 89' lang='lat' dir='ltr'>quereris</span> <span class='ocrx_word' id='word_1_143' title='bbox 973 1228 1172 1294; x_wconf 88' lang='lat' dir='ltr'>nuncupatur:</span> <span class='ocrx_word' id='word_1_144' title='bbox 1200 1231 1228 1280; x_wconf 89' lang='lat' dir='ltr'>et</span> <span class='ocrx_word' id='word_1_145' title='bbox 1255 1224 1368 1297; x_wconf 90' lang='lat' dir='ltr'>plenum</span> <span class='ocrx_word' id='word_1_146' title='bbox 1395 1225 1482 1298; x_wconf 89' lang='lat' dir='ltr'>patris</span> <span class='ocrx_word' id='word_1_147' title='bbox 1507 1225 1535 1281; x_wconf 94' lang='lat' dir='ltr'>in</span> <span class='ocrx_word' id='word_1_148' title='bbox 1559 1229 1588 1281; x_wconf 80' lang='lat' dir='ltr'>be</span> <span class='ocrx_word' id='word_1_149' title='bbox 1613 1223 1774 1296; x_wconf 90' lang='lat' dir='ltr'>provocavit</span> 
     </span>
     <span class='ocr_line' id='line_1_12' title="bbox 123 1308 1774 1388; baseline -0.001 -18"><span class='ocrx_word' id='word_1_150' title='bbox 123 1312 289 1382; x_wconf 86' lang='lat' dir='ltr'>indumenti,</span> <span class='ocrx_word' id='word_1_151' title='bbox 312 1311 361 1386; x_wconf 89' lang='lat' dir='ltr'>qui</span> <span class='ocrx_word' id='word_1_152' title='bbox 380 1311 532 1385; x_wconf 86' lang='lat' dir='ltr'>nuptialem</span> <span class='ocrx_word' id='word_1_153' title='bbox 547 1313 668 1372; x_wconf 85' lang='lat' dir='ltr'>tunicam</span> <span class='ocrx_word' id='word_1_154' title='bbox 685 1312 857 1388; x_wconf 73' lang='lat' dir='ltr'>perdidisti?</span> <span class='ocrx_word' id='word_1_155' title='bbox 883 1312 920 1370; x_wconf 88' lang='lat' dir='ltr'>Et</span> <span class='ocrx_word' id='word_1_156' title='bbox 973 1308 1112 1380; x_wconf 83' lang='lat' dir='ltr'>affectum,</span> <span class='ocrx_word' id='word_1_157' title='bbox 1138 1311 1185 1386; x_wconf 90' lang='lat' dir='ltr'>qui</span> <span class='ocrx_word' id='word_1_158' title='bbox 1200 1313 1352 1385; x_wconf 89' lang='lat' dir='ltr'>perfectum</span> <span class='ocrx_word' id='word_1_159' title='bbox 1369 1313 1467 1371; x_wconf 89' lang='lat' dir='ltr'>hahuit</span> <span class='ocrx_word' id='word_1_160' title='bbox 1482 1313 1511 1370; x_wconf 94' lang='lat' dir='ltr'>in</span> <span class='ocrx_word' id='word_1_161' title='bbox 1525 1313 1686 1386; x_wconf 86' lang='lat' dir='ltr'>poenitendo</span> <span class='ocrx_word' id='word_1_162' title='bbox 1702 1328 1774 1369; x_wconf 90' lang='lat' dir='ltr'>ccu-</span> 
     </span>
     <span class='ocr_line' id='line_1_13' title="bbox 123 1396 1775 1476; baseline -0.003 -13"><span class='ocrx_word' id='word_1_163' title='bbox 123 1421 184 1464; x_wconf 88' lang='lat' dir='ltr'>cam</span> <span class='ocrx_word' id='word_1_164' title='bbox 204 1418 334 1476; x_wconf 89' lang='lat' dir='ltr'>appareas</span> <span class='ocrx_word' id='word_1_165' title='bbox 349 1401 482 1460; x_wconf 83' lang='lat' dir='ltr'>foeditatis</span> <span class='ocrx_word' id='word_1_166' title='bbox 496 1410 552 1459; x_wconf 81' lang='lat' dir='ltr'>tua</span> <span class='ocrx_word' id='word_1_167' title='bbox 566 1403 691 1462; x_wconf 87' lang='lat' dir='ltr'>nuditate</span> <span class='ocrx_word' id='word_1_168' title='bbox 704 1402 848 1470; x_wconf 78' lang='lat' dir='ltr'>deformia,</span> <span class='ocrx_word' id='word_1_169' title='bbox 863 1418 920 1460; x_wconf 91' lang='lat' dir='ltr'>non</span> <span class='ocrx_word' id='word_1_170' title='bbox 973 1396 1078 1458; x_wconf 89' lang='lat' dir='ltr'>silium.</span> <span class='ocrx_word' id='word_1_171' title='bbox 1103 1401 1283 1472; x_wconf 79' lang='lat' dir='ltr'>iucundatns,</span> <span class='ocrx_word' id='word_1_172' title='bbox 1300 1402 1402 1476; x_wconf 91' lang='lat' dir='ltr'>inquit,</span> <span class='ocrx_word' id='word_1_173' title='bbox 1418 1419 1477 1460; x_wconf 89' lang='lat' dir='ltr'>sum</span> <span class='ocrx_word' id='word_1_174' title='bbox 1493 1409 1521 1459; x_wconf 92' lang='lat' dir='ltr'>et</span> <span class='ocrx_word' id='word_1_175' title='bbox 1535 1401 1645 1475; x_wconf 88' lang='lat' dir='ltr'>gavisus</span> <span class='ocrx_word' id='word_1_176' title='bbox 1653 1413 1663 1458; x_wconf 72' lang='lat'>⁴:</span> <span class='ocrx_word' id='word_1_177' title='bbox 1685 1401 1775 1474; x_wconf 83' lang='lat' dir='ltr'>«quia</span> 
     </span>
     <span class='ocr_line' id='line_1_14' title="bbox 126 1484 1773 1568; baseline -0.005 -15"><span class='ocrx_word' id='word_1_178' title='bbox 126 1493 228 1568; x_wconf 89' lang='lat' dir='ltr'>cogitas</span> <span class='ocrx_word' id='word_1_179' title='bbox 240 1492 361 1566; x_wconf 88' lang='lat' dir='ltr'>qualiter</span> <span class='ocrx_word' id='word_1_180' title='bbox 379 1491 531 1550; x_wconf 89' lang='lat' dir='ltr'>identidem</span> <span class='ocrx_word' id='word_1_181' title='bbox 546 1493 696 1552; x_wconf 74' lang='lat' dir='ltr'>vestiaris?</span> <span class='ocrx_word' id='word_1_182' title='bbox 719 1494 780 1551; x_wconf 87' lang='lat' dir='ltr'>Non</span> <span class='ocrx_word' id='word_1_183' title='bbox 802 1499 918 1561; x_wconf 89' lang='lat' dir='ltr'>metuas,</span> <span class='ocrx_word' id='word_1_184' title='bbox 974 1484 1021 1544; x_wconf 92' lang='lat' dir='ltr'>hic</span> <span class='ocrx_word' id='word_1_185' title='bbox 1035 1487 1120 1545; x_wconf 89' lang='lat' dir='ltr'>frater</span> <span class='ocrx_word' id='word_1_186' title='bbox 1132 1497 1198 1548; x_wconf 89' lang='lat' dir='ltr'>tuus</span> <span class='ocrx_word' id='word_1_187' title='bbox 1212 1499 1338 1549; x_wconf 89' lang='lat' dir='ltr'>mortuus</span> <span class='ocrx_word' id='word_1_188' title='bbox 1353 1492 1451 1561; x_wconf 89' lang='lat' dir='ltr'>fuerat,</span> <span class='ocrx_word' id='word_1_189' title='bbox 1468 1499 1495 1548; x_wconf 90' lang='lat' dir='ltr'>et</span> <span class='ocrx_word' id='word_1_190' title='bbox 1508 1490 1629 1558; x_wconf 84' lang='lat' dir='ltr'>revixit;</span> <span class='ocrx_word' id='word_1_191' title='bbox 1645 1491 1773 1564; x_wconf 86' lang='lat' dir='ltr'>perierat,</span> 
     </span>
     <span class='ocr_line' id='line_1_15' title="bbox 124 1576 1775 1660; baseline -0.004 -17"><span class='ocrx_word' id='word_1_192' title='bbox 124 1601 226 1660; x_wconf 75' lang='lat' dir='ltr'>queso,</span> <span class='ocrx_word' id='word_1_193' title='bbox 242 1599 277 1640; x_wconf 93' lang='lat' dir='ltr'>ne</span> <span class='ocrx_word' id='word_1_194' title='bbox 293 1599 356 1640; x_wconf 93' lang='lat' dir='ltr'>cum</span> <span class='ocrx_word' id='word_1_195' title='bbox 373 1581 423 1640; x_wconf 92' lang='lat' dir='ltr'>illo</span> <span class='ocrx_word' id='word_1_196' title='bbox 439 1582 486 1656; x_wconf 90' lang='lat' dir='ltr'>qui</span> <span class='ocrx_word' id='word_1_197' title='bbox 507 1581 541 1639; x_wconf 92' lang='lat' dir='ltr'>ad</span> <span class='ocrx_word' id='word_1_198' title='bbox 559 1583 662 1658; x_wconf 88' lang='lat' dir='ltr'>regiam</span> <span class='ocrx_word' id='word_1_199' title='bbox 678 1599 784 1640; x_wconf 84' lang='lat' dir='ltr'>coenam</span> <span class='ocrx_word' id='word_1_200' title='bbox 805 1588 920 1639; x_wconf 77' lang='lat' dir='ltr'>uocatur</span> <span class='ocrx_word' id='word_1_201' title='bbox 974 1584 1002 1632; x_wconf 89' lang='lat' dir='ltr'>et</span> <span class='ocrx_word' id='word_1_202' title='bbox 1016 1576 1146 1635; x_wconf 91' lang='lat' dir='ltr'>inventus</span> <span class='ocrx_word' id='word_1_203' title='bbox 1169 1588 1210 1637; x_wconf 89' lang='lat' dir='ltr'>est</span> <span class='ocrx_word' id='word_1_204' title='bbox 1234 1581 1316 1649; x_wconf 84' lang='lat' dir='ltr'>(ibid.</span> <span class='ocrx_word' id='word_1_205' title='bbox 1332 1579 1420 1653; x_wconf 75' lang='grc'><strong>11).»</strong></span> <span class='ocrx_word' id='word_1_206' title='bbox 1450 1579 1536 1639; x_wconf 88' lang='lat' dir='ltr'>Vides</span> <span class='ocrx_word' id='word_1_207' title='bbox 1558 1596 1622 1654; x_wconf 88' lang='lat' dir='ltr'>ergo</span> <span class='ocrx_word' id='word_1_208' title='bbox 1642 1594 1775 1636; x_wconf 88' lang='lat' dir='ltr'>converso</span> 
     </span>
     <span class='ocr_line' id='line_1_16' title="bbox 123 1666 1775 1743; baseline -0.004 -11"><span class='ocrx_word' id='word_1_209' title='bbox 123 1671 247 1741; x_wconf 88' lang='lat' dir='ltr'>intravit,</span> <span class='ocrx_word' id='word_1_210' title='bbox 269 1687 286 1727; x_wconf 93' lang='lat' dir='ltr'>a</span> <span class='ocrx_word' id='word_1_211' title='bbox 306 1671 438 1730; x_wconf 86' lang='lat' dir='ltr'>convivio</span> <span class='ocrx_word' id='word_1_212' title='bbox 457 1672 679 1730; x_wconf 84' lang='lat' dir='ltr'>recumbentium</span> <span class='ocrx_word' id='word_1_213' title='bbox 703 1671 790 1730; x_wconf 87' lang='lat' dir='ltr'>simili</span> <span class='ocrx_word' id='word_1_214' title='bbox 815 1686 921 1743; x_wconf 86' lang='lat' dir='ltr'>expro-</span> <span class='ocrx_word' id='word_1_215' title='bbox 974 1666 1034 1724; x_wconf 86' lang='lat' dir='ltr'>filio</span> <span class='ocrx_word' id='word_1_216' title='bbox 1050 1668 1149 1726; x_wconf 88' lang='lat' dir='ltr'>stolam</span> <span class='ocrx_word' id='word_1_217' title='bbox 1165 1669 1309 1742; x_wconf 89' lang='lat' dir='ltr'>pristinam</span> <span class='ocrx_word' id='word_1_218' title='bbox 1321 1672 1491 1743; x_wconf 78' lang='lat' dir='ltr'>poenitentiae</span> <span class='ocrx_word' id='word_1_219' title='bbox 1501 1670 1682 1729; x_wconf 88' lang='lat' dir='ltr'>mercimonio</span> <span class='ocrx_word' id='word_1_220' title='bbox 1697 1670 1775 1727; x_wconf 90' lang='lat' dir='ltr'>resti·</span> 
     </span>
     <span class='ocr_line' id='line_1_17' title="bbox 122 1742 1775 1845; baseline -0.002 -25"><span class='ocrx_word' id='word_1_221' title='bbox 122 1763 216 1821; x_wconf 85' lang='lat' dir='ltr'>bratus</span> <span class='ocrx_word' id='word_1_222' title='bbox 238 1759 417 1818; x_wconf 86' lang='lat' dir='ltr'>damnatione</span> <span class='ocrx_word' id='word_1_223' title='bbox 440 1759 561 1834; x_wconf 90' lang='lat' dir='ltr'>pellaris,</span> <span class='ocrx_word' id='word_1_224' title='bbox 590 1767 617 1818; x_wconf 88' lang='lat' dir='ltr'>et</span> <span class='ocrx_word' id='word_1_225' title='bbox 643 1761 739 1820; x_wconf 89' lang='lat' dir='ltr'>audias</span> <span class='ocrx_word' id='word_1_226' title='bbox 766 1761 822 1820; x_wconf 92' lang='lat' dir='ltr'>dici</span> <span class='ocrx_word' id='word_1_227' title='bbox 842 1760 958 1845; x_wconf 80' lang='lat' dir='ltr'>tibi:13</span> <span class='ocrx_word' id='word_1_228' title='bbox 975 1763 1074 1827; x_wconf 88' lang='lat' dir='ltr'>tutam,</span> <span class='ocrx_word' id='word_1_229' title='bbox 1090 1766 1118 1814; x_wconf 92' lang='lat' dir='ltr'>et</span> <span class='ocrx_word' id='word_1_230' title='bbox 1134 1758 1207 1817; x_wconf 89' lang='lat' dir='ltr'>votis</span> <span class='ocrx_word' id='word_1_231' title='bbox 1223 1759 1354 1818; x_wconf 90' lang='lat' dir='ltr'>omnibus</span> <span class='ocrx_word' id='word_1_232' title='bbox 1368 1760 1521 1818; x_wconf 86' lang='lat' dir='ltr'>celebrasse</span> <span class='ocrx_word' id='word_1_233' title='bbox 1535 1742 1639 1833; x_wconf 74' lang='lat' dir='ltr'>patre&#39;m</span> <span class='ocrx_word' id='word_1_234' title='bbox 1654 1761 1775 1818; x_wconf 89' lang='lat' dir='ltr'>reditum</span> 
     </span>
     <span class='ocr_line' id='line_1_18' title="bbox 129 1846 1776 1924; baseline -0.003 -15"><span class='ocrx_word' id='word_1_235' title='bbox 129 1851 261 1919; x_wconf 75' lang='lat' dir='ltr'>«Amice,</span> <span class='ocrx_word' id='word_1_236' title='bbox 275 1849 414 1924; x_wconf 91' lang='lat' dir='ltr'>quomodo</span> <span class='ocrx_word' id='word_1_237' title='bbox 429 1848 485 1908; x_wconf 91' lang='lat' dir='ltr'>hnc</span> <span class='ocrx_word' id='word_1_238' title='bbox 498 1848 611 1918; x_wconf 90' lang='lat' dir='ltr'>venisti,</span> <span class='ocrx_word' id='word_1_239' title='bbox 626 1866 683 1907; x_wconf 89' lang='lat' dir='ltr'>nou</span> <span class='ocrx_word' id='word_1_240' title='bbox 697 1851 802 1909; x_wconf 87' lang='lat' dir='ltr'>hahens</span> <span class='ocrx_word' id='word_1_241' title='bbox 816 1856 920 1908; x_wconf 89' lang='lat' dir='ltr'>vestem</span> <span class='ocrx_word' id='word_1_242' title='bbox 974 1846 1145 1905; x_wconf 85' lang='lat' dir='ltr'>confitentis.</span> <span class='ocrx_word' id='word_1_243' title='bbox 1171 1848 1375 1906; x_wconf 90' lang='lat' dir='ltr'>Patrimonium</span> <span class='ocrx_word' id='word_1_244' title='bbox 1390 1850 1465 1906; x_wconf 92' lang='lat' dir='ltr'>euim</span> <span class='ocrx_word' id='word_1_245' title='bbox 1484 1847 1623 1922; x_wconf 90' lang='lat' dir='ltr'>perditum</span> <span class='ocrx_word' id='word_1_246' title='bbox 1645 1847 1776 1921; x_wconf 87' lang='lat' dir='ltr'>baptismi</span> 
     </span>
     <span class='ocr_line' id='line_1_19' title="bbox 123 1935 1777 2013; baseline -0.004 -15"><span class='ocrx_word' id='word_1_247' title='bbox 123 1939 276 2013; x_wconf 85' lang='lat' dir='ltr'>nuptialem</span> <span class='ocrx_word' id='word_1_248' title='bbox 292 1938 399 2011; x_wconf 68' lang='lat' dir='ltr'>(Moab.</span> <span class='ocrx_word' id='word_1_249' title='bbox 414 1955 486 2008; x_wconf 81' lang='lat' dir='ltr'>xxii,</span> <span class='ocrx_word' id='word_1_250' title='bbox 503 1938 590 2011; x_wconf 81' lang='lat' dir='ltr'>tt)t›</span> <span class='ocrx_word' id='word_1_251' title='bbox 607 1948 712 1997; x_wconf 91' lang='lat' dir='ltr'>etcum</span> <span class='ocrx_word' id='word_1_252' title='bbox 727 1945 920 2012; x_wconf 78' lang='lat' dir='ltr'>argumentum</span> <span class='ocrx_word' id='word_1_253' title='bbox 975 1935 1098 1996; x_wconf 87' lang='lat' dir='ltr'>insinuat</span> <span class='ocrx_word' id='word_1_254' title='bbox 1114 1947 1328 2009; x_wconf 88' lang='lat' dir='ltr'>sacramentum,</span> <span class='ocrx_word' id='word_1_255' title='bbox 1351 1940 1380 1996; x_wconf 92' lang='lat' dir='ltr'>in</span> <span class='ocrx_word' id='word_1_256' title='bbox 1394 1955 1449 2013; x_wconf 92' lang='lat' dir='ltr'>quo</span> <span class='ocrx_word' id='word_1_257' title='bbox 1463 1945 1528 1996; x_wconf 91' lang='lat' dir='ltr'>sunt</span> <span class='ocrx_word' id='word_1_258' title='bbox 1541 1944 1641 1996; x_wconf 90' lang='lat' dir='ltr'>cuncta</span> <span class='ocrx_word' id='word_1_259' title='bbox 1660 1935 1777 1994; x_wconf 88' lang='lat' dir='ltr'>aedificia</span> 
     </span>
     <span class='ocr_line' id='line_1_20' title="bbox 123 2023 1778 2109; baseline -0.005 -20"><span class='ocrx_word' id='word_1_260' title='bbox 123 2045 180 2088; x_wconf 90' lang='lat' dir='ltr'>non</span> <span class='ocrx_word' id='word_1_261' title='bbox 197 2027 331 2100; x_wconf 87' lang='lat' dir='ltr'>repereris</span> <span class='ocrx_word' id='word_1_262' title='bbox 344 2027 505 2098; x_wconf 81' lang='lat' dir='ltr'>excusandi,</span> <span class='ocrx_word' id='word_1_263' title='bbox 520 2027 613 2087; x_wconf 89' lang='lat' dir='ltr'>dicat:</span> <span class='ocrx_word' id='word_1_264' title='bbox 638 2029 761 2086; x_wconf 76' lang='lat' dir='ltr'>«Tollite</span> <span class='ocrx_word' id='word_1_265' title='bbox 774 2044 837 2109; x_wconf 84' lang='lat' dir='ltr'>eum</span> <span class='ocrx_word' id='word_1_266' title='bbox 854 2027 919 2101; x_wconf 88' lang='lat' dir='ltr'>liga·</span> <span class='ocrx_word' id='word_1_267' title='bbox 975 2027 1130 2085; x_wconf 74' lang='lat' dir='ltr'>caelestium</span> <span class='ocrx_word' id='word_1_268' title='bbox 1142 2029 1296 2086; x_wconf 89' lang='lat' dir='ltr'>constituta</span> <span class='ocrx_word' id='word_1_269' title='bbox 1316 2045 1475 2103; x_wconf 87' lang='lat' dir='ltr'>regnorum.</span> <span class='ocrx_word' id='word_1_270' title='bbox 1492 2029 1550 2086; x_wconf 87' lang='lat' dir='ltr'>lieo</span> <span class='ocrx_word' id='word_1_271' title='bbox 1563 2027 1611 2084; x_wconf 89' lang='lat' dir='ltr'>ille</span> <span class='ocrx_word' id='word_1_272' title='bbox 1625 2025 1710 2095; x_wconf 91' lang='lat' dir='ltr'>filius,</span> <span class='ocrx_word' id='word_1_273' title='bbox 1724 2023 1778 2104; x_wconf 82' lang='lat' dir='ltr'>hoc</span> 
     </span>
     <span class='ocr_line' id='line_1_21' title="bbox 123 2115 1776 2190; baseline -0.002 -16"><span class='ocrx_word' id='word_1_274' title='bbox 123 2117 159 2175; x_wconf 91' lang='lat' dir='ltr'>tis</span> <span class='ocrx_word' id='word_1_275' title='bbox 175 2115 303 2174; x_wconf 88' lang='lat' dir='ltr'>manibus</span> <span class='ocrx_word' id='word_1_276' title='bbox 316 2123 344 2174; x_wconf 87' lang='lat' dir='ltr'>et</span> <span class='ocrx_word' id='word_1_277' title='bbox 358 2115 484 2189; x_wconf 90' lang='lat' dir='ltr'>pedihus,</span> <span class='ocrx_word' id='word_1_278' title='bbox 509 2125 537 2174; x_wconf 91' lang='lat' dir='ltr'>et</span> <span class='ocrx_word' id='word_1_279' title='bbox 558 2117 663 2176; x_wconf 90' lang='lat' dir='ltr'>mittite</span> <span class='ocrx_word' id='word_1_280' title='bbox 678 2116 707 2174; x_wconf 93' lang='lat' dir='ltr'>in</span> <span class='ocrx_word' id='word_1_281' title='bbox 721 2117 848 2176; x_wconf 89' lang='lat' dir='ltr'>tenebras</span> <span class='ocrx_word' id='word_1_282' title='bbox 866 2133 922 2173; x_wconf 87' lang='lat' dir='ltr'>ex·</span> <span class='ocrx_word' id='word_1_283' title='bbox 976 2125 1026 2187; x_wconf 86' lang='lat' dir='ltr'>cst,</span> <span class='ocrx_word' id='word_1_284' title='bbox 1050 2117 1141 2175; x_wconf 85' lang='lat' dir='ltr'>tidelis</span> <span class='ocrx_word' id='word_1_285' title='bbox 1155 2117 1325 2176; x_wconf 88' lang='lat' dir='ltr'>christianus</span> <span class='ocrx_word' id='word_1_286' title='bbox 1347 2119 1503 2176; x_wconf 90' lang='lat' dir='ltr'>libertatem</span> <span class='ocrx_word' id='word_1_287' title='bbox 1527 2118 1613 2190; x_wconf 90' lang='lat' dir='ltr'>patris</span> <span class='ocrx_word' id='word_1_288' title='bbox 1635 2116 1776 2188; x_wconf 88' lang='lat' dir='ltr'>indeptus,</span> 
     </span>
    </p>
   </div>
   <div class='ocr_carea' id='block_1_3' title="bbox 85 2292 1807 5504">
    <p class='ocr_par' dir='ltr' id='par_1_3' title="bbox 85 2292 1807 5504">
     <span class='ocr_line' id='line_1_22' title="bbox 125 2292 1778 2372; baseline -0.004 -16"><span class='ocrx_word' id='word_1_289' title='bbox 125 2299 181 2372; x_wconf 88' lang='grc'><strong>13).</strong></span> <span class='ocrx_word' id='word_1_290' title='bbox 196 2321 206 2346; x_wconf 74' lang='grc' dir='ltr'>ι</span> <span class='ocrx_word' id='word_1_291' title='bbox 228 2298 265 2355; x_wconf 82' lang='lat' dir='ltr'>Et</span> <span class='ocrx_word' id='word_1_292' title='bbox 279 2295 377 2372; x_wconf 89' lang='lat' dir='ltr'>utique</span> <span class='ocrx_word' id='word_1_293' title='bbox 391 2296 449 2365; x_wconf 91' lang='lat' dir='ltr'>ille,</span> <span class='ocrx_word' id='word_1_294' title='bbox 465 2296 600 2370; x_wconf 90' lang='lat' dir='ltr'>quianon</span> <span class='ocrx_word' id='word_1_295' title='bbox 614 2295 770 2372; x_wconf 75' lang='lat' dir='ltr'>quesierat,</span> <span class='ocrx_word' id='word_1_296' title='bbox 786 2305 834 2354; x_wconf 90' lang='lat' dir='ltr'>aut</span> <span class='ocrx_word' id='word_1_297' title='bbox 848 2311 922 2353; x_wconf 88' lang='lat' dir='ltr'>acce·</span> <span class='ocrx_word' id='word_1_298' title='bbox 976 2299 1062 2354; x_wconf 82' lang='lat' dir='ltr'>alico</span> <span class='ocrx_word' id='word_1_299' title='bbox 1079 2313 1129 2354; x_wconf 90' lang='lat' dir='ltr'>suo</span> <span class='ocrx_word' id='word_1_300' title='bbox 1148 2298 1265 2370; x_wconf 88' lang='lat' dir='ltr'>positus,</span> <span class='ocrx_word' id='word_1_301' title='bbox 1285 2297 1425 2372; x_wconf 89' lang='lat' dir='ltr'>probrosis</span> <span class='ocrx_word' id='word_1_302' title='bbox 1446 2313 1475 2354; x_wconf 90' lang='lat' dir='ltr'>se</span> <span class='ocrx_word' id='word_1_303' title='bbox 1496 2295 1607 2354; x_wconf 75' lang='lat' dir='ltr'>&#39;actibus</span> <span class='ocrx_word' id='word_1_304' title='bbox 1622 2303 1678 2354; x_wconf 88' lang='lat' dir='ltr'>tota</span> <span class='ocrx_word' id='word_1_305' title='bbox 1692 2292 1778 2352; x_wconf 87' lang='lat' dir='ltr'>foedi-</span> 
     </span>
     <span class='ocr_line' id='line_1_23' title="bbox 124 2381 1777 2462; baseline -0.003 -18"><span class='ocrx_word' id='word_1_306' title='bbox 124 2395 209 2462; x_wconf 89' lang='lat' dir='ltr'>perat,</span> <span class='ocrx_word' id='word_1_307' title='bbox 233 2387 337 2445; x_wconf 88' lang='lat' dir='ltr'>dicitnr</span> <span class='ocrx_word' id='word_1_308' title='bbox 350 2385 491 2459; x_wconf 66' lang='lat' dir='ltr'>ablutus,</span> <span class='ocrx_word' id='word_1_309' title='bbox 506 2394 622 2444; x_wconf 89' lang='lat' dir='ltr'>vocatus</span> <span class='ocrx_word' id='word_1_310' title='bbox 636 2387 711 2444; x_wconf 90' lang='lat' dir='ltr'>enim</span> <span class='ocrx_word' id='word_1_311' title='bbox 726 2385 853 2455; x_wconf 88' lang='lat' dir='ltr'>intravit,</span> <span class='ocrx_word' id='word_1_312' title='bbox 874 2383 923 2440; x_wconf 91' lang='lat' dir='ltr'>sed</span> <span class='ocrx_word' id='word_1_313' title='bbox 976 2394 1032 2444; x_wconf 88' lang='lat' dir='ltr'>tate</span> <span class='ocrx_word' id='word_1_314' title='bbox 1047 2387 1193 2460; x_wconf 88' lang='lat' dir='ltr'>polluerat,</span> <span class='ocrx_word' id='word_1_315' title='bbox 1214 2403 1246 2445; x_wconf 91' lang='lat' dir='ltr'>ac</span> <span class='ocrx_word' id='word_1_316' title='bbox 1259 2387 1370 2445; x_wconf 89' lang='lat' dir='ltr'>diaholo</span> <span class='ocrx_word' id='word_1_317' title='bbox 1387 2385 1569 2460; x_wconf 87' lang='lat' dir='ltr'>mancipatus,</span> <span class='ocrx_word' id='word_1_318' title='bbox 1585 2385 1631 2442; x_wconf 92' lang='lat' dir='ltr'>cui</span> <span class='ocrx_word' id='word_1_319' title='bbox 1645 2400 1675 2441; x_wconf 89' lang='lat' dir='ltr'>se</span> <span class='ocrx_word' id='word_1_320' title='bbox 1688 2381 1777 2458; x_wconf 92' lang='lat' dir='ltr'>perdi·</span> 
     </span>
     <span class='ocr_line' id='line_1_24' title="bbox 124 2471 1776 2551; baseline -0.007 -18"><span class='ocrx_word' id='word_1_321' title='bbox 124 2492 180 2533; x_wconf 89' lang='grc' dir='ltr'>ιιοιι</span> <span class='ocrx_word' id='word_1_322' title='bbox 189 2474 305 2532; x_wconf 87' lang='lat' dir='ltr'>vestitus</span> <span class='ocrx_word' id='word_1_323' title='bbox 314 2473 454 2532; x_wconf 88' lang='lat' dir='ltr'>accubuit.</span> <span class='ocrx_word' id='word_1_324' title='bbox 463 2473 492 2532; x_wconf 85' lang='lat' dir='ltr'>si</span> <span class='ocrx_word' id='word_1_325' title='bbox 501 2490 564 2547; x_wconf 89' lang='lat' dir='ltr'>ergo</span> <span class='ocrx_word' id='word_1_326' title='bbox 573 2474 651 2550; x_wconf 90' lang='lat' dir='ltr'>isqui</span> <span class='ocrx_word' id='word_1_327' title='bbox 660 2490 801 2548; x_wconf 88' lang='lat' dir='ltr'>nunquam</span> <span class='ocrx_word' id='word_1_328' title='bbox 813 2471 921 2541; x_wconf 89' lang='lat' dir='ltr'>habuit,</span> <span class='ocrx_word' id='word_1_329' title='bbox 977 2477 1089 2536; x_wconf 70' lang='lat' dir='ltr'>tissima</span> <span class='ocrx_word' id='word_1_330' title='bbox 1102 2478 1310 2536; x_wconf 67' lang='lat' dir='ltr'>conversatione</span> <span class='ocrx_word' id='word_1_331' title='bbox 1321 2477 1473 2547; x_wconf 64' lang='lat' dir='ltr'>dediderat,</span> <span class='ocrx_word' id='word_1_332' title='bbox 1489 2492 1647 2551; x_wconf 53' lang='lat' dir='ltr'>pamm,</span> <span class='ocrx_word' id='word_1_333' title='bbox 1660 2473 1713 2530; x_wconf 92' lang='lat' dir='ltr'>hoc</span> <span class='ocrx_word' id='word_1_334' title='bbox 1725 2479 1776 2540; x_wconf 71' lang='lat' dir='ltr'>est,</span> 
     </span>
     <span class='ocr_line' id='line_1_25' title="bbox 125 2561 1777 2640; baseline -0.003 -19"><span class='ocrx_word' id='word_1_335' title='bbox 125 2565 229 2634; x_wconf 87' lang='lat' dir='ltr'>taliter,</span> <span class='ocrx_word' id='word_1_336' title='bbox 253 2563 396 2638; x_wconf 89' lang='lat' dir='ltr'>quianon</span> <span class='ocrx_word' id='word_1_337' title='bbox 420 2561 558 2638; x_wconf 78' lang='lat' dir='ltr'>quesivit,</span> <span class='ocrx_word' id='word_1_338' title='bbox 587 2563 697 2631; x_wconf 82' lang='lat' dir='ltr'>exirit;</span> <span class='ocrx_word' id='word_1_339' title='bbox 727 2563 845 2638; x_wconf 88' lang='lat' dir='ltr'>qualiter</span> <span class='ocrx_word' id='word_1_340' title='bbox 865 2561 923 2635; x_wconf 82' lang='lat' dir='ltr'>jam</span> <span class='ocrx_word' id='word_1_341' title='bbox 978 2566 1187 2624; x_wconf 91' lang='lat' dir='ltr'>immundorum</span> <span class='ocrx_word' id='word_1_342' title='bbox 1202 2566 1352 2640; x_wconf 90' lang='lat' dir='ltr'>spirituum</span> <span class='ocrx_word' id='word_1_343' title='bbox 1372 2567 1455 2639; x_wconf 84' lang='lat' dir='ltr'>coepit</span> <span class='ocrx_word' id='word_1_344' title='bbox 1476 2580 1604 2623; x_wconf 86' lang='lat' dir='ltr'>exercere</span> <span class='ocrx_word' id='word_1_345' title='bbox 1626 2569 1777 2636; x_wconf 88' lang='lat' dir='ltr'>pasturam,</span> 
     </span>
     <span class='ocr_line' id='line_1_26' title="bbox 124 2645 1779 2729; baseline -0.005 -19"><span class='ocrx_word' id='word_1_346' title='bbox 124 2651 282 2728; x_wconf 91' lang='lat' dir='ltr'>puniendus</span> <span class='ocrx_word' id='word_1_347' title='bbox 296 2652 359 2719; x_wconf 88' lang='lat' dir='ltr'>erit,</span> <span class='ocrx_word' id='word_1_348' title='bbox 375 2652 424 2727; x_wconf 92' lang='lat' dir='ltr'>qui</span> <span class='ocrx_word' id='word_1_349' title='bbox 439 2652 563 2710; x_wconf 87' lang='lat' dir='ltr'>tunicam</span> <span class='ocrx_word' id='word_1_350' title='bbox 577 2653 694 2727; x_wconf 86' lang='lat' dir='ltr'>accepit,</span> <span class='ocrx_word' id='word_1_351' title='bbox 709 2660 737 2710; x_wconf 87' lang='lat' dir='ltr'>et</span> <span class='ocrx_word' id='word_1_352' title='bbox 751 2650 881 2727; x_wconf 89' lang='lat' dir='ltr'>perdidit,</span> <span class='ocrx_word' id='word_1_353' title='bbox 897 2659 924 2709; x_wconf 90' lang='lat' dir='ltr'>et</span> <span class='ocrx_word' id='word_1_354' title='bbox 977 2671 1095 2729; x_wconf 88' lang='lat' dir='ltr'>quorum</span> <span class='ocrx_word' id='word_1_355' title='bbox 1116 2671 1179 2711; x_wconf 88' lang='lat' dir='ltr'>cum</span> <span class='ocrx_word' id='word_1_356' title='bbox 1198 2670 1254 2710; x_wconf 91' lang='lat' dir='ltr'>non</span> <span class='ocrx_word' id='word_1_357' title='bbox 1268 2652 1476 2726; x_wconf 88' lang='lat' dir='ltr'>permitteretur</span> <span class='ocrx_word' id='word_1_358' title='bbox 1498 2652 1561 2709; x_wconf 91' lang='lat' dir='ltr'>cibo</span> <span class='ocrx_word' id='word_1_359' title='bbox 1577 2649 1698 2722; x_wconf 89' lang='lat' dir='ltr'>depasci,</span> <span class='ocrx_word' id='word_1_360' title='bbox 1714 2645 1779 2719; x_wconf 91' lang='lat' dir='ltr'>qnia</span> 
     </span>
     <span class='ocr_line' id='line_1_27' title="bbox 125 2737 1778 2819; baseline -0.005 -19"><span class='ocrx_word' id='word_1_361' title='bbox 125 2745 220 2802; x_wconf 82' lang='lat' dir='ltr'>vestiri</span> <span class='ocrx_word' id='word_1_362' title='bbox 236 2745 335 2802; x_wconf 89' lang='lat' dir='ltr'>iterum</span> <span class='ocrx_word' id='word_1_363' title='bbox 351 2760 408 2801; x_wconf 94' lang='lat' dir='ltr'>non</span> <span class='ocrx_word' id='word_1_364' title='bbox 423 2743 537 2816; x_wconf 76' lang='lat' dir='ltr'>potuit?</span> <span class='ocrx_word' id='word_1_365' title='bbox 979 2761 1028 2819; x_wconf 90' lang='lat' dir='ltr'>per</span> <span class='ocrx_word' id='word_1_366' title='bbox 1042 2743 1133 2802; x_wconf 86' lang='lat' dir='ltr'>carnis</span> <span class='ocrx_word' id='word_1_367' title='bbox 1153 2743 1296 2800; x_wconf 90' lang='lat' dir='ltr'>obtentum</span> <span class='ocrx_word' id='word_1_368' title='bbox 1320 2741 1497 2800; x_wconf 74' lang='lat' dir='ltr'>demoniacis</span> <span class='ocrx_word' id='word_1_369' title='bbox 1511 2755 1567 2798; x_wconf 90' lang='lat' dir='ltr'>non</span> <span class='ocrx_word' id='word_1_370' title='bbox 1589 2737 1696 2813; x_wconf 82' lang='lat' dir='ltr'>poterat</span> <span class='ocrx_word' id='word_1_371' title='bbox 1711 2737 1778 2794; x_wconf 90' lang='lat' dir='ltr'>sili-</span> 
     </span>
     <span class='ocr_line' id='line_1_28' title="bbox 160 2828 1778 2912; baseline -0.009 -12"><span class='ocrx_word' id='word_1_372' title='bbox 160 2842 275 2902; x_wconf 81' lang='lat' dir='ltr'><strong>CAPUT</strong></span> <span class='ocrx_word' id='word_1_373' title='bbox 298 2840 581 2912; x_wconf 78' lang='lat' dir='ltr'>xlx.-scd,crec0,</span> <span class='ocrx_word' id='word_1_374' title='bbox 597 2841 708 2899; x_wconf 89' lang='lat' dir='ltr'>dubitas</span> <span class='ocrx_word' id='word_1_375' title='bbox 722 2840 923 2898; x_wconf 84' lang='lat' dir='ltr'>amissumnon</span> <span class='ocrx_word' id='word_1_376' title='bbox 979 2835 1041 2909; x_wconf 92' lang='lat' dir='ltr'>quis</span> <span class='ocrx_word' id='word_1_377' title='bbox 1071 2834 1246 2910; x_wconf 87' lang='lat' dir='ltr'>ingurgitari,</span> <span class='ocrx_word' id='word_1_378' title='bbox 1275 2833 1421 2906; x_wconf 89' lang='lat' dir='ltr'>utrobique</span> <span class='ocrx_word' id='word_1_379' title='bbox 1444 2831 1578 2900; x_wconf 89' lang='lat' dir='ltr'>desertus,</span> <span class='ocrx_word' id='word_1_380' title='bbox 1605 2839 1632 2888; x_wconf 90' lang='lat' dir='ltr'>et</span> <span class='ocrx_word' id='word_1_381' title='bbox 1654 2828 1778 2902; x_wconf 88' lang='lat' dir='ltr'>undique</span> 
     </span>
     <span class='ocr_line' id='line_1_29' title="bbox 126 2917 1776 3006; baseline -0.01 -16"><span class='ocrx_word' id='word_1_382' title='bbox 126 2948 204 3006; x_wconf 89' lang='lat' dir='ltr'>posse</span> <span class='ocrx_word' id='word_1_383' title='bbox 226 2930 312 3004; x_wconf 90' lang='lat' dir='ltr'>repeti</span> <span class='ocrx_word' id='word_1_384' title='bbox 335 2930 542 3000; x_wconf 90' lang='lat' dir='ltr'>vestimentum,</span> <span class='ocrx_word' id='word_1_385' title='bbox 572 2938 620 2988; x_wconf 91' lang='lat' dir='ltr'>aut</span> <span class='ocrx_word' id='word_1_386' title='bbox 645 2930 680 2987; x_wconf 88' lang='lat' dir='ltr'>ab</span> <span class='ocrx_word' id='word_1_387' title='bbox 705 2946 737 2987; x_wconf 89' lang='lat' dir='ltr'>eo</span> <span class='ocrx_word' id='word_1_388' title='bbox 765 2930 813 3003; x_wconf 90' lang='lat' dir='ltr'>qni</span> <span class='ocrx_word' id='word_1_389' title='bbox 838 2945 925 3003; x_wconf 90' lang='lat' dir='ltr'>nuper</span> <span class='ocrx_word' id='word_1_390' title='bbox 979 2923 1138 2994; x_wconf 85' lang='lat' dir='ltr'>destitutus,</span> <span class='ocrx_word' id='word_1_391' title='bbox 1154 2923 1236 2982; x_wconf 79' lang='lat' dir='ltr'>bona</span> <span class='ocrx_word' id='word_1_392' title='bbox 1259 2923 1347 2997; x_wconf 91' lang='lat' dir='ltr'>frugis</span> <span class='ocrx_word' id='word_1_393' title='bbox 1370 2921 1464 2995; x_wconf 90' lang='lat' dir='ltr'>inopia</span> <span class='ocrx_word' id='word_1_394' title='bbox 1477 2920 1600 2978; x_wconf 84' lang='lat' dir='ltr'>defessus</span> <span class='ocrx_word' id='word_1_395' title='bbox 1615 2917 1776 2977; x_wconf 87' lang='lat' dir='ltr'>desudabat.</span> 
     </span>
     <span class='ocr_line' id='line_1_30' title="bbox 126 3008 1779 3092; baseline -0.01 -14"><span class='ocrx_word' id='word_1_396' title='bbox 126 3021 247 3089; x_wconf 88' lang='lat' dir='ltr'>dederat,</span> <span class='ocrx_word' id='word_1_397' title='bbox 277 3036 340 3078; x_wconf 90' lang='lat' dir='ltr'>cum</span> <span class='ocrx_word' id='word_1_398' title='bbox 368 3019 491 3092; x_wconf 85' lang='lat' dir='ltr'>petieris,</span> <span class='ocrx_word' id='word_1_399' title='bbox 518 3035 598 3092; x_wconf 88' lang='lat' dir='ltr'>posse</span> <span class='ocrx_word' id='word_1_400' title='bbox 621 3017 725 3091; x_wconf 86' lang='lat' dir='ltr'>negari.</span> <span class='ocrx_word' id='word_1_401' title='bbox 754 3019 865 3075; x_wconf 90' lang='lat' dir='ltr'>lntucre</span> <span class='ocrx_word' id='word_1_402' title='bbox 894 3015 923 3073; x_wconf 92' lang='lat' dir='ltr'>in</span> <span class='ocrx_word' id='word_1_403' title='bbox 979 3013 1032 3070; x_wconf 88' lang='lat' dir='ltr'>Sed</span> <span class='ocrx_word' id='word_1_404' title='bbox 1047 3029 1184 3082; x_wconf 82' lang='lat' dir='ltr'>reversus,</span> <span class='ocrx_word' id='word_1_405' title='bbox 1209 3029 1291 3070; x_wconf 91' lang='lat' dir='ltr'>omne</span> <span class='ocrx_word' id='word_1_406' title='bbox 1307 3011 1453 3086; x_wconf 85' lang='lat' dir='ltr'>illicoque</span> <span class='ocrx_word' id='word_1_407' title='bbox 1475 3008 1779 3082; x_wconf 89' lang='lat' dir='ltr'>fueratprivatus,ac-</span> 
     </span>
     <span class='ocr_line' id='line_1_31' title="bbox 123 3095 1779 3199; baseline -0.009 -33"><span class='ocrx_word' id='word_1_408' title='bbox 123 3108 278 3183; x_wconf 83' lang='lat' dir='ltr'>Evangelio</span> <span class='ocrx_word' id='word_1_409' title='bbox 292 3108 381 3165; x_wconf 90' lang='lat' dir='ltr'>filium</span> <span class='ocrx_word' id='word_1_410' title='bbox 394 3107 534 3180; x_wconf 86' lang='lat' dir='ltr'>juniorem</span> <span class='ocrx_word' id='word_1_411' title='bbox 551 3106 658 3180; x_wconf 88' lang='lat' dir='ltr'>perdito</span> <span class='ocrx_word' id='word_1_412' title='bbox 668 3105 837 3180; x_wconf 88' lang='lat' dir='ltr'>patrimonio</span> <span class='ocrx_word' id='word_1_413' title='bbox 848 3121 922 3163; x_wconf 90' lang='lat' dir='ltr'>men·</span> <span class='ocrx_word' id='word_1_414' title='bbox 938 3134 963 3199; x_wconf 78' lang='lat' dir='ltr'>C</span> <span class='ocrx_word' id='word_1_415' title='bbox 980 3103 1063 3177; x_wconf 89' lang='lat' dir='ltr'>cepit,</span> <span class='ocrx_word' id='word_1_416' title='bbox 1087 3110 1114 3160; x_wconf 91' lang='lat' dir='ltr'>et</span> <span class='ocrx_word' id='word_1_417' title='bbox 1129 3101 1158 3160; x_wconf 93' lang='lat' dir='ltr'>in</span> <span class='ocrx_word' id='word_1_418' title='bbox 1172 3101 1349 3160; x_wconf 86' lang='lat' dir='ltr'>concordiam</span> <span class='ocrx_word' id='word_1_419' title='bbox 1368 3099 1453 3175; x_wconf 90' lang='lat' dir='ltr'>patris</span> <span class='ocrx_word' id='word_1_420' title='bbox 1477 3106 1603 3172; x_wconf 86' lang='lat' dir='ltr'>reputata</span> <span class='ocrx_word' id='word_1_421' title='bbox 1626 3095 1779 3154; x_wconf 88' lang='lat' dir='ltr'>substantia</span> 
     </span>
     <span class='ocr_line' id='line_1_32' title="bbox 125 3189 1777 3271; baseline -0.009 -15"><span class='ocrx_word' id='word_1_422' title='bbox 125 3198 275 3267; x_wconf 87' lang='lat' dir='ltr'>dicantem,</span> <span class='ocrx_word' id='word_1_423' title='bbox 301 3213 387 3271; x_wconf 89' lang='lat' dir='ltr'>usque</span> <span class='ocrx_word' id='word_1_424' title='bbox 402 3212 434 3254; x_wconf 94' lang='lat' dir='ltr'>eo</span> <span class='ocrx_word' id='word_1_425' title='bbox 448 3195 534 3252; x_wconf 90' lang='lat' dir='ltr'>fuisse</span> <span class='ocrx_word' id='word_1_426' title='bbox 547 3196 721 3269; x_wconf 89' lang='lat' dir='ltr'>perductum,</span> <span class='ocrx_word' id='word_1_427' title='bbox 743 3202 773 3251; x_wconf 89' lang='lat' dir='ltr'>ut</span> <span class='ocrx_word' id='word_1_428' title='bbox 796 3194 925 3268; x_wconf 89' lang='lat' dir='ltr'>egestatis</span> <span class='ocrx_word' id='word_1_429' title='bbox 980 3190 1081 3264; x_wconf 91' lang='lat' dir='ltr'>prioris</span> <span class='ocrx_word' id='word_1_430' title='bbox 1095 3191 1275 3264; x_wconf 88' lang='lat' dir='ltr'>possessionis</span> <span class='ocrx_word' id='word_1_431' title='bbox 1296 3189 1438 3248; x_wconf 88' lang='lat' dir='ltr'>remansit.</span> <span class='ocrx_word' id='word_1_432' title='bbox 1455 3190 1601 3246; x_wconf 81' lang='lat' dir='ltr'>Revertens</span> <span class='ocrx_word' id='word_1_433' title='bbox 1615 3203 1680 3260; x_wconf 92' lang='lat' dir='ltr'>ergo</span> <span class='ocrx_word' id='word_1_434' title='bbox 1694 3192 1721 3242; x_wconf 89' lang='lat' dir='ltr'>et</span> <span class='ocrx_word' id='word_1_435' title='bbox 1735 3192 1777 3250; x_wconf 90' lang='lat' dir='ltr'>to,</span> 
     </span>
     <span class='ocr_line' id='line_1_33' title="bbox 126 3276 1807 3362; baseline -0.008 -19"><span class='ocrx_word' id='word_1_436' title='bbox 126 3286 248 3362; x_wconf 88' lang='lat' dir='ltr'>impulsu</span> <span class='ocrx_word' id='word_1_437' title='bbox 263 3292 357 3360; x_wconf 90' lang='lat' dir='ltr'>pastor</span> <span class='ocrx_word' id='word_1_438' title='bbox 370 3285 456 3343; x_wconf 89' lang='lat' dir='ltr'>vellet</span> <span class='ocrx_word' id='word_1_439' title='bbox 469 3300 527 3342; x_wconf 88' lang='lat' dir='ltr'>esse</span> <span class='ocrx_word' id='word_1_440' title='bbox 542 3299 688 3358; x_wconf 88' lang='lat' dir='ltr'>porcorum</span> <span class='ocrx_word' id='word_1_441' title='bbox 705 3283 783 3356; x_wconf 81' lang='lat' dir='ltr'>(Luc.</span> <span class='ocrx_word' id='word_1_442' title='bbox 798 3300 848 3353; x_wconf 82' lang='lat' dir='ltr'>xv,</span> <span class='ocrx_word' id='word_1_443' title='bbox 864 3284 922 3357; x_wconf 80' lang='grc'><strong>15).</strong></span> <span class='ocrx_word' id='word_1_444' title='bbox 979 3281 1075 3349; x_wconf 90' lang='lat' dir='ltr'>frater,</span> <span class='ocrx_word' id='word_1_445' title='bbox 1088 3286 1237 3346; x_wconf 87' lang='lat' dir='ltr'>revertere,</span> <span class='ocrx_word' id='word_1_446' title='bbox 1250 3287 1278 3336; x_wconf 88' lang='lat' dir='ltr'>et</span> <span class='ocrx_word' id='word_1_447' title='bbox 1290 3295 1326 3336; x_wconf 84' lang='lat' dir='ltr'>ex</span> <span class='ocrx_word' id='word_1_448' title='bbox 1340 3285 1450 3336; x_wconf 88' lang='lat' dir='ltr'>mortuo</span> <span class='ocrx_word' id='word_1_449' title='bbox 1464 3276 1609 3345; x_wconf 89' lang='lat' dir='ltr'>revivisce,</span> <span class='ocrx_word' id='word_1_450' title='bbox 1623 3283 1650 3332; x_wconf 89' lang='lat' dir='ltr'>et</span> <span class='ocrx_word' id='word_1_451' title='bbox 1663 3291 1698 3332; x_wconf 83' lang='lat' dir='ltr'>ex</span> <span class='ocrx_word' id='word_1_452' title='bbox 1712 3289 1780 3348; x_wconf 89' lang='lat' dir='ltr'>per·</span> <span class='ocrx_word' id='word_1_453' title='bbox 1803 3293 1807 3302; x_wconf 89' lang='lat'><strong>·</strong></span> 
     </span>
     <span class='ocr_line' id='line_1_34' title="bbox 127 3369 1190 3448; baseline -0.012 -11"><span class='ocrx_word' id='word_1_454' title='bbox 127 3381 154 3437; x_wconf 90' lang='lat' dir='ltr'>ls</span> <span class='ocrx_word' id='word_1_455' title='bbox 169 3393 277 3435; x_wconf 88' lang='lat' dir='ltr'>summa</span> <span class='ocrx_word' id='word_1_456' title='bbox 295 3373 390 3448; x_wconf 89' lang='lat' dir='ltr'>iuopia</span> <span class='ocrx_word' id='word_1_457' title='bbox 409 3382 438 3432; x_wconf 90' lang='lat' dir='ltr'>et</span> <span class='ocrx_word' id='word_1_458' title='bbox 459 3382 578 3448; x_wconf 87' lang='lat' dir='ltr'>egestate</span> <span class='ocrx_word' id='word_1_459' title='bbox 602 3373 756 3444; x_wconf 88' lang='lat' dir='ltr'>confectus,</span> <span class='ocrx_word' id='word_1_460' title='bbox 786 3389 850 3430; x_wconf 89' lang='lat' dir='ltr'>cum</span> <span class='ocrx_word' id='word_1_461' title='bbox 874 3389 926 3430; x_wconf 90' lang='lat' dir='ltr'>uec</span> <span class='ocrx_word' id='word_1_462' title='bbox 979 3369 1039 3426; x_wconf 87' lang='lat' dir='ltr'>dito</span> <span class='ocrx_word' id='word_1_463' title='bbox 1053 3385 1190 3442; x_wconf 89' lang='lat' dir='ltr'>reparare.</span> 
     </span>
     <span class='ocr_line' id='line_1_35' title="bbox 127 3453 1780 3542; baseline -0.01 -17"><span class='ocrx_word' id='word_1_464' title='bbox 127 3483 274 3542; x_wconf 88' lang='lat' dir='ltr'>porcorum</span> <span class='ocrx_word' id='word_1_465' title='bbox 299 3463 374 3524; x_wconf 88' lang='lat' dir='ltr'>vesci</span> <span class='ocrx_word' id='word_1_466' title='bbox 401 3463 524 3538; x_wconf 88' lang='lat' dir='ltr'>pastibus</span> <span class='ocrx_word' id='word_1_467' title='bbox 552 3463 699 3533; x_wconf 89' lang='lat' dir='ltr'>sineretur,</span> <span class='ocrx_word' id='word_1_468' title='bbox 738 3453 864 3520; x_wconf 87' lang='lat' dir='ltr'>reversus</span> <span class='ocrx_word' id='word_1_469' title='bbox 891 3461 925 3518; x_wconf 92' lang='lat' dir='ltr'>ad</span> <span class='ocrx_word' id='word_1_470' title='bbox 1016 3458 1131 3518; x_wconf 84' lang='lat' dir='ltr'>CAPUT</span> <span class='ocrx_word' id='word_1_471' title='bbox 1144 3457 1209 3516; x_wconf 81' lang='lat' dir='ltr'>XX.</span> <span class='ocrx_word' id='word_1_472' title='bbox 1224 3486 1260 3499; x_wconf 93' lang='lat'><em>-</em></span> <span class='ocrx_word' id='word_1_473' title='bbox 1273 3456 1377 3527; x_wconf 82' lang='lat' dir='ltr'>Quaerit</span> <span class='ocrx_word' id='word_1_474' title='bbox 1392 3472 1472 3513; x_wconf 80' lang='lat' dir='ltr'>ouem</span> <span class='ocrx_word' id='word_1_475' title='bbox 1486 3471 1564 3513; x_wconf 89' lang='lat' dir='ltr'>suam</span> <span class='ocrx_word' id='word_1_476' title='bbox 1584 3455 1674 3512; x_wconf 88' lang='lat' dir='ltr'>honus</span> <span class='ocrx_word' id='word_1_477' title='bbox 1687 3459 1780 3526; x_wconf 84' lang='lat' dir='ltr'>pastor</span> 
     </span>
     <span class='ocr_line' id='line_1_36' title="bbox 128 3542 1781 3632; baseline -0.009 -19"><span class='ocrx_word' id='word_1_478' title='bbox 128 3557 273 3632; x_wconf 88' lang='lat' dir='ltr'>pristinam</span> <span class='ocrx_word' id='word_1_479' title='bbox 296 3553 398 3611; x_wconf 87' lang='lat' dir='ltr'>mentis</span> <span class='ocrx_word' id='word_1_480' title='bbox 421 3553 538 3628; x_wconf 82' lang='lat' dir='ltr'>propria</span> <span class='ocrx_word' id='word_1_481' title='bbox 561 3552 718 3623; x_wconf 91' lang='lat' dir='ltr'>sanitatem,</span> <span class='ocrx_word' id='word_1_482' title='bbox 748 3551 849 3624; x_wconf 90' lang='lat' dir='ltr'>prioris</span> <span class='ocrx_word' id='word_1_483' title='bbox 873 3551 925 3608; x_wconf 82' lang='lat' dir='ltr'>aevi</span> <span class='ocrx_word' id='word_1_484' title='bbox 980 3557 1128 3618; x_wconf 87' lang='lat' dir='ltr'>errantem,</span> <span class='ocrx_word' id='word_1_485' title='bbox 1145 3556 1172 3605; x_wconf 91' lang='lat' dir='ltr'>et</span> <span class='ocrx_word' id='word_1_486' title='bbox 1185 3546 1352 3620; x_wconf 90' lang='lat' dir='ltr'>ampliusde</span> <span class='ocrx_word' id='word_1_487' title='bbox 1366 3545 1486 3614; x_wconf 81' lang='lat' dir='ltr'>invecta,</span> <span class='ocrx_word' id='word_1_488' title='bbox 1501 3561 1583 3619; x_wconf 91' lang='lat' dir='ltr'>quam</span> <span class='ocrx_word' id='word_1_489' title='bbox 1597 3542 1699 3600; x_wconf 88' lang='lat' dir='ltr'>deuon</span> <span class='ocrx_word' id='word_1_490' title='bbox 1714 3559 1781 3615; x_wconf 90' lang='lat' dir='ltr'>per-</span> 
     </span>
     <span class='ocr_line' id='line_1_37' title="bbox 127 3632 1782 3721; baseline -0.009 -17"><span class='ocrx_word' id='word_1_491' title='bbox 127 3645 211 3721; x_wconf 89' lang='lat' dir='ltr'>coepit</span> <span class='ocrx_word' id='word_1_492' title='bbox 223 3642 361 3704; x_wconf 84' lang='lat' dir='ltr'>desiderio</span> <span class='ocrx_word' id='word_1_493' title='bbox 375 3643 553 3717; x_wconf 88' lang='lat' dir='ltr'>conflagrare,</span> <span class='ocrx_word' id='word_1_494' title='bbox 578 3651 605 3700; x_wconf 88' lang='lat' dir='ltr'>ot</span> <span class='ocrx_word' id='word_1_495' title='bbox 625 3651 745 3717; x_wconf 83' lang='lat' dir='ltr'>paterna</span> <span class='ocrx_word' id='word_1_496' title='bbox 758 3641 858 3699; x_wconf 91' lang='lat' dir='ltr'>domus</span> <span class='ocrx_word' id='word_1_497' title='bbox 871 3639 924 3697; x_wconf 81' lang='lat' dir='ltr'>ah-</span> <span class='ocrx_word' id='word_1_498' title='bbox 980 3636 1039 3695; x_wconf 86' lang='lat' dir='ltr'>dita</span> <span class='ocrx_word' id='word_1_499' title='bbox 1062 3638 1225 3713; x_wconf 75' lang='lat' dir='ltr'>gratulatur.</span> <span class='ocrx_word' id='word_1_500' title='bbox 1250 3635 1379 3694; x_wconf 81' lang='lat' dir='ltr'>ilumeris</span> <span class='ocrx_word' id='word_1_501' title='bbox 1400 3635 1507 3692; x_wconf 87' lang='lat' dir='ltr'>revehit</span> <span class='ocrx_word' id='word_1_502' title='bbox 1528 3634 1626 3710; x_wconf 90' lang='lat' dir='ltr'>ipsam,</span> <span class='ocrx_word' id='word_1_503' title='bbox 1648 3633 1678 3690; x_wconf 91' lang='lat' dir='ltr'>in</span> <span class='ocrx_word' id='word_1_504' title='bbox 1693 3632 1782 3706; x_wconf 89' lang='lat' dir='ltr'>gregis</span> 
     </span>
     <span class='ocr_line' id='line_1_38' title="bbox 128 3721 1781 3805; baseline -0.008 -14"><span class='ocrx_word' id='word_1_505' title='bbox 128 3733 291 3792; x_wconf 88' lang='lat' dir='ltr'>nudantiam</span> <span class='ocrx_word' id='word_1_506' title='bbox 319 3731 454 3805; x_wconf 88' lang='lat' dir='ltr'>cogitans,</span> <span class='ocrx_word' id='word_1_507' title='bbox 489 3738 596 3788; x_wconf 89' lang='lat' dir='ltr'>reatum</span> <span class='ocrx_word' id='word_1_508' title='bbox 623 3747 705 3788; x_wconf 90' lang='lat' dir='ltr'>suum</span> <span class='ocrx_word' id='word_1_509' title='bbox 734 3727 927 3788; x_wconf 88' lang='lat' dir='ltr'>conversionis</span> <span class='ocrx_word' id='word_1_510' title='bbox 981 3725 1025 3782; x_wconf 86' lang='lat' dir='ltr'>aui</span> <span class='ocrx_word' id='word_1_511' title='bbox 1040 3725 1182 3784; x_wconf 89' lang='lat' dir='ltr'>consortio</span> <span class='ocrx_word' id='word_1_512' title='bbox 1196 3726 1315 3800; x_wconf 89' lang='lat' dir='ltr'>reponit,</span> <span class='ocrx_word' id='word_1_513' title='bbox 1330 3725 1418 3799; x_wconf 87' lang='lat' dir='ltr'>ipsam</span> <span class='ocrx_word' id='word_1_514' title='bbox 1428 3723 1582 3781; x_wconf 89' lang='lat' dir='ltr'>diversorio</span> <span class='ocrx_word' id='word_1_515' title='bbox 1597 3721 1694 3796; x_wconf 80' lang='lat' dir='ltr'>prisca</span> <span class='ocrx_word' id='word_1_516' title='bbox 1706 3738 1781 3780; x_wconf 91' lang='lat' dir='ltr'>secu·</span> 
     </span>
     <span class='ocr_line' id='line_1_39' title="bbox 128 3813 1782 3893; baseline -0.007 -13"><span class='ocrx_word' id='word_1_517' title='bbox 128 3820 369 3880; x_wconf 87' lang='lat' dir='ltr'>animadversione</span> <span class='ocrx_word' id='word_1_518' title='bbox 379 3821 519 3879; x_wconf 90' lang='lat' dir='ltr'>damnare.</span> <span class='ocrx_word' id='word_1_519' title='bbox 532 3818 632 3878; x_wconf 87' lang='lat' dir='ltr'>Habito</span> <span class='ocrx_word' id='word_1_520' title='bbox 647 3819 733 3893; x_wconf 87' lang='lat' dir='ltr'>igitur</span> <span class='ocrx_word' id='word_1_521' title='bbox 750 3818 860 3877; x_wconf 85' lang='lat' dir='ltr'>tandem</span> <span class='ocrx_word' id='word_1_522' title='bbox 872 3833 927 3891; x_wconf 82' lang='lat' dir='ltr'>pca-</span> <span class='ocrx_word' id='word_1_523' title='bbox 982 3813 1072 3874; x_wconf 82' lang='lat' dir='ltr'>nitatis</span> <span class='ocrx_word' id='word_1_524' title='bbox 1089 3817 1230 3874; x_wconf 91' lang='lat' dir='ltr'>includit:</span> <span class='ocrx_word' id='word_1_525' title='bbox 1250 3832 1301 3874; x_wconf 90' lang='lat' dir='ltr'>nec</span> <span class='ocrx_word' id='word_1_526' title='bbox 1315 3815 1433 3872; x_wconf 86' lang='lat' dir='ltr'>attendit</span> <span class='ocrx_word' id='word_1_527' title='bbox 1449 3815 1609 3872; x_wconf 88' lang='lat' dir='ltr'>relictarum</span> <span class='ocrx_word' id='word_1_528' title='bbox 1623 3829 1782 3879; x_wconf 88' lang='lat' dir='ltr'>numerum,</span> 
     </span>
     <span class='ocr_line' id='line_1_40' title="bbox 129 3901 1783 3980; baseline -0.005 -15"><span class='ocrx_word' id='word_1_529' title='bbox 129 3909 231 3965; x_wconf 91' lang='lat' dir='ltr'>nitenti</span> <span class='ocrx_word' id='word_1_530' title='bbox 253 3915 383 3977; x_wconf 90' lang='lat' dir='ltr'>tractatu,</span> <span class='ocrx_word' id='word_1_531' title='bbox 409 3916 436 3966; x_wconf 92' lang='lat' dir='ltr'>et</span> <span class='ocrx_word' id='word_1_532' title='bbox 457 3925 548 3966; x_wconf 88' lang='lat' dir='ltr'>secum</span> <span class='ocrx_word' id='word_1_533' title='bbox 574 3908 604 3966; x_wconf 92' lang='lat' dir='ltr'>in</span> <span class='ocrx_word' id='word_1_534' title='bbox 627 3907 710 3966; x_wconf 91' lang='lat' dir='ltr'>corde</span> <span class='ocrx_word' id='word_1_535' title='bbox 731 3905 928 3964; x_wconf 80' lang='lat' dir='ltr'>satisfactionis</span> <span class='ocrx_word' id='word_1_536' title='bbox 982 3906 1031 3980; x_wconf 92' lang='lat' dir='ltr'>qui</span> <span class='ocrx_word' id='word_1_537' title='bbox 1042 3905 1182 3978; x_wconf 86' lang='lat' dir='ltr'>quaerebat</span> <span class='ocrx_word' id='word_1_538' title='bbox 1193 3921 1228 3960; x_wconf 83' lang='lat' dir='ltr'>ex</span> <span class='ocrx_word' id='word_1_539' title='bbox 1238 3905 1411 3976; x_wconf 87' lang='lat' dir='ltr'>reparatione</span> <span class='ocrx_word' id='word_1_540' title='bbox 1420 3904 1503 3960; x_wconf 89' lang='lat' dir='ltr'>unius</span> <span class='ocrx_word' id='word_1_541' title='bbox 1513 3901 1783 3977; x_wconf 80' lang='lat' dir='ltr'>perditascomplesse</span> 
     </span>
     <span class='ocr_line' id='line_1_41' title="bbox 85 3987 1783 4068; baseline -0.004 -16"><span class='ocrx_word' id='word_1_542' title='bbox 85 4015 88 4020; x_wconf 94' lang='lat'>·</span> <span class='ocrx_word' id='word_1_543' title='bbox 129 4009 231 4052; x_wconf 84' lang='lat' dir='ltr'>arcanc</span> <span class='ocrx_word' id='word_1_544' title='bbox 246 3995 366 4061; x_wconf 90' lang='lat' dir='ltr'>locutus,</span> <span class='ocrx_word' id='word_1_545' title='bbox 389 3995 466 4050; x_wconf 93' lang='lat' dir='ltr'>velut</span> <span class='ocrx_word' id='word_1_546' title='bbox 480 3995 653 4068; x_wconf 90' lang='lat' dir='ltr'>postliminio</span> <span class='ocrx_word' id='word_1_547' title='bbox 676 3995 711 4052; x_wconf 90' lang='lat' dir='ltr'>ad</span> <span class='ocrx_word' id='word_1_548' title='bbox 736 3997 807 4052; x_wconf 86' lang='lat' dir='ltr'>lares</span> <span class='ocrx_word' id='word_1_549' title='bbox 824 3995 928 4068; x_wconf 88' lang='lat' dir='ltr'>patrios</span> <span class='ocrx_word' id='word_1_550' title='bbox 983 3995 1121 4068; x_wconf 90' lang='lat' dir='ltr'>integrum</span> <span class='ocrx_word' id='word_1_551' title='bbox 1134 3994 1335 4052; x_wconf 88' lang='lat' dir='ltr'>centenarium.</span> <span class='ocrx_word' id='word_1_552' title='bbox 1351 3993 1516 4052; x_wconf 88' lang='lat' dir='ltr'>Draohmam</span> <span class='ocrx_word' id='word_1_553' title='bbox 1531 3990 1667 4065; x_wconf 89' lang='lat' dir='ltr'>perditam</span> <span class='ocrx_word' id='word_1_554' title='bbox 1682 3987 1783 4046; x_wconf 91' lang='lat' dir='ltr'>mulier</span> 
     </span>
     <span class='ocr_line' id='line_1_42' title="bbox 130 4077 1782 4157; baseline -0.007 -14"><span class='ocrx_word' id='word_1_555' title='bbox 130 4081 223 4143; x_wconf 88' lang='lat' dir='ltr'>nudus</span> <span class='ocrx_word' id='word_1_556' title='bbox 236 4081 370 4154; x_wconf 82' lang='lat' dir='ltr'>exsulque</span> <span class='ocrx_word' id='word_1_557' title='bbox 384 4081 542 4138; x_wconf 88' lang='lat' dir='ltr'>revertitur.</span> <span class='ocrx_word' id='word_1_558' title='bbox 553 4083 622 4140; x_wconf 84' lang='lat' dir='ltr'>Tum</span> <span class='ocrx_word' id='word_1_559' title='bbox 638 4083 686 4141; x_wconf 91' lang='lat' dir='ltr'>ilie</span> <span class='ocrx_word' id='word_1_560' title='bbox 701 4091 787 4157; x_wconf 87' lang='lat' dir='ltr'>pater,</span> <span class='ocrx_word' id='word_1_561' title='bbox 798 4083 845 4157; x_wconf 89' lang='lat' dir='ltr'>qui</span> <span class='ocrx_word' id='word_1_562' title='bbox 856 4082 929 4155; x_wconf 91' lang='lat' dir='ltr'>cogi·</span> <span class='ocrx_word' id='word_1_563' title='bbox 983 4083 1162 4141; x_wconf 89' lang='lat' dir='ltr'>vehementer</span> <span class='ocrx_word' id='word_1_564' title='bbox 1180 4081 1310 4157; x_wconf 86' lang='lat' dir='ltr'>inquirit,</span> <span class='ocrx_word' id='word_1_565' title='bbox 1336 4083 1477 4141; x_wconf 87' lang='lat' dir='ltr'>lucernam</span> <span class='ocrx_word' id='word_1_566' title='bbox 1502 4077 1638 4147; x_wconf 90' lang='lat' dir='ltr'>accendit,</span> <span class='ocrx_word' id='word_1_567' title='bbox 1667 4078 1782 4135; x_wconf 80' lang='lat' dir='ltr'>doraum</span> 
     </span>
     <span class='ocr_line' id='line_1_43' title="bbox 130 4165 1785 4248; baseline -0.007 -14"><span class='ocrx_word' id='word_1_568' title='bbox 130 4173 218 4234; x_wconf 87' lang='lat' dir='ltr'>tantis</span> <span class='ocrx_word' id='word_1_569' title='bbox 231 4170 340 4230; x_wconf 88' lang='lat' dir='ltr'>viderat</span> <span class='ocrx_word' id='word_1_570' title='bbox 359 4172 388 4229; x_wconf 90' lang='lat' dir='ltr'>in</span> <span class='ocrx_word' id='word_1_571' title='bbox 405 4171 487 4231; x_wconf 89' lang='lat' dir='ltr'>corde</span> <span class='ocrx_word' id='word_1_572' title='bbox 499 4173 658 4239; x_wconf 89' lang='lat' dir='ltr'>consilium,</span> <span class='ocrx_word' id='word_1_573' title='bbox 677 4182 823 4248; x_wconf 89' lang='lat' dir='ltr'>antequam</span> <span class='ocrx_word' id='word_1_574' title='bbox 846 4174 930 4232; x_wconf 87' lang='lat' dir='ltr'>verba</span> <span class='ocrx_word' id='word_1_575' title='bbox 985 4170 1076 4246; x_wconf 90' lang='lat' dir='ltr'>scopis</span> <span class='ocrx_word' id='word_1_576' title='bbox 1090 4169 1233 4241; x_wconf 88' lang='lat' dir='ltr'>emundat,</span> <span class='ocrx_word' id='word_1_577' title='bbox 1248 4181 1275 4228; x_wconf 90' lang='lat' dir='ltr'>et</span> <span class='ocrx_word' id='word_1_578' title='bbox 1291 4171 1387 4228; x_wconf 87' lang='lat' dir='ltr'>charas</span> <span class='ocrx_word' id='word_1_579' title='bbox 1401 4170 1504 4245; x_wconf 89' lang='lat' dir='ltr'>pariter</span> <span class='ocrx_word' id='word_1_580' title='bbox 1516 4185 1549 4226; x_wconf 88' lang='lat' dir='ltr'>ac</span> <span class='ocrx_word' id='word_1_581' title='bbox 1562 4166 1669 4223; x_wconf 86' lang='lat' dir='ltr'>vicinas</span> <span class='ocrx_word' id='word_1_582' title='bbox 1683 4165 1785 4224; x_wconf 90' lang='lat' dir='ltr'>invitat</span> 
     </span>
     <span class='ocr_line' id='line_1_44' title="bbox 131 4255 1784 4339; baseline -0.005 -19"><span class='ocrx_word' id='word_1_583' title='bbox 131 4262 257 4339; x_wconf 89' lang='lat' dir='ltr'>perditus</span> <span class='ocrx_word' id='word_1_584' title='bbox 271 4262 346 4320; x_wconf 82' lang='lat' dir='ltr'>filim</span> <span class='ocrx_word' id='word_1_585' title='bbox 359 4261 389 4319; x_wconf 92' lang='lat' dir='ltr'>in</span> <span class='ocrx_word' id='word_1_586' title='bbox 404 4261 576 4319; x_wconf 89' lang='lat' dir='ltr'>confessione</span> <span class='ocrx_word' id='word_1_587' title='bbox 591 4260 781 4335; x_wconf 82' lang='lat' dir='ltr'>profunderet,</span> <span class='ocrx_word' id='word_1_588' title='bbox 801 4262 929 4322; x_wconf 89' lang='lat' dir='ltr'>affectum</span> <span class='ocrx_word' id='word_1_589' title='bbox 984 4261 1019 4319; x_wconf 89' lang='lat' dir='ltr'>ad</span> <span class='ocrx_word' id='word_1_590' title='bbox 1043 4259 1173 4332; x_wconf 89' lang='lat' dir='ltr'>gaudium</span> <span class='ocrx_word' id='word_1_591' title='bbox 1200 4259 1321 4316; x_wconf 80' lang='lat' dir='ltr'>inventa</span> <span class='ocrx_word' id='word_1_592' title='bbox 1348 4259 1496 4317; x_wconf 79' lang='lat' dir='ltr'>drachma.</span> <span class='ocrx_word' id='word_1_593' title='bbox 1523 4256 1560 4312; x_wconf 82' lang='lat' dir='ltr'>lit</span> <span class='ocrx_word' id='word_1_594' title='bbox 1583 4264 1660 4328; x_wconf 87' lang='lat' dir='ltr'>putat</span> <span class='ocrx_word' id='word_1_595' title='bbox 1683 4255 1784 4328; x_wconf 90' lang='lat' dir='ltr'>aliquis</span> 
     </span>
     <span class='ocr_line' id='line_1_45' title="bbox 131 4344 1784 4427; baseline -0.007 -15"><span class='ocrx_word' id='word_1_596' title='bbox 131 4353 253 4412; x_wconf 89' lang='lat' dir='ltr'>dolentis</span> <span class='ocrx_word' id='word_1_597' title='bbox 265 4352 410 4427; x_wconf 83' lang='lat' dir='ltr'>anticipat,</span> <span class='ocrx_word' id='word_1_598' title='bbox 429 4360 456 4410; x_wconf 91' lang='lat' dir='ltr'>et</span> <span class='ocrx_word' id='word_1_599' title='bbox 475 4351 693 4410; x_wconf 87' lang='lat' dir='ltr'>misericorditer</span> <span class='ocrx_word' id='word_1_600' title='bbox 711 4353 827 4426; x_wconf 89' lang='lat' dir='ltr'>suscipit</span> <span class='ocrx_word' id='word_1_601' title='bbox 847 4353 931 4410; x_wconf 89' lang='lat' dir='ltr'>rede-</span> <span class='ocrx_word' id='word_1_602' title='bbox 984 4349 1072 4406; x_wconf 88' lang='lat' dir='ltr'>Deum</span> <span class='ocrx_word' id='word_1_603' title='bbox 1087 4365 1144 4406; x_wconf 92' lang='lat' dir='ltr'>nou</span> <span class='ocrx_word' id='word_1_604' title='bbox 1158 4349 1248 4406; x_wconf 75' lang='lat' dir='ltr'>letari</span> <span class='ocrx_word' id='word_1_605' title='bbox 1264 4348 1299 4406; x_wconf 90' lang='lat' dir='ltr'>de</span> <span class='ocrx_word' id='word_1_606' title='bbox 1313 4348 1485 4422; x_wconf 89' lang='lat' dir='ltr'>reparatione</span> <span class='ocrx_word' id='word_1_607' title='bbox 1499 4344 1636 4413; x_wconf 90' lang='lat' dir='ltr'>conversi,</span> <span class='ocrx_word' id='word_1_608' title='bbox 1655 4360 1719 4402; x_wconf 88' lang='lat' dir='ltr'>cum</span> <span class='ocrx_word' id='word_1_609' title='bbox 1738 4360 1784 4417; x_wconf 87' lang='lat' dir='ltr'>pa-</span> 
     </span>
     <span class='ocr_line' id='line_1_46' title="bbox 131 4438 1784 4514; baseline -0.002 -15"><span class='ocrx_word' id='word_1_610' title='bbox 131 4450 239 4500; x_wconf 91' lang='lat' dir='ltr'>untem.</span> <span class='ocrx_word' id='word_1_611' title='bbox 252 4441 284 4498; x_wconf 91' lang='lat' dir='ltr'>in</span> <span class='ocrx_word' id='word_1_612' title='bbox 300 4441 403 4499; x_wconf 91' lang='lat' dir='ltr'>collum</span> <span class='ocrx_word' id='word_1_613' title='bbox 420 4439 479 4513; x_wconf 83' lang='lat' dir='ltr'>ejus</span> <span class='ocrx_word' id='word_1_614' title='bbox 491 4439 585 4512; x_wconf 89' lang='lat' dir='ltr'>irruit,</span> <span class='ocrx_word' id='word_1_615' title='bbox 600 4439 702 4498; x_wconf 91' lang='lat' dir='ltr'>osculis</span> <span class='ocrx_word' id='word_1_616' title='bbox 717 4441 890 4510; x_wconf 88' lang='lat' dir='ltr'>reconciliat,</span> <span class='ocrx_word' id='word_1_617' title='bbox 903 4449 929 4498; x_wconf 90' lang='lat' dir='ltr'>et</span> <span class='ocrx_word' id='word_1_618' title='bbox 985 4443 1107 4500; x_wconf 87' lang='lat' dir='ltr'>raholam</span> <span class='ocrx_word' id='word_1_619' title='bbox 1127 4441 1221 4500; x_wconf 89' lang='lat' dir='ltr'>videat</span> <span class='ocrx_word' id='word_1_620' title='bbox 1242 4441 1400 4514; x_wconf 87' lang='lat' dir='ltr'>specialiter</span> <span class='ocrx_word' id='word_1_621' title='bbox 1414 4441 1443 4497; x_wconf 89' lang='lat' dir='ltr'>in</span> <span class='ocrx_word' id='word_1_622' title='bbox 1458 4455 1602 4513; x_wconf 90' lang='lat' dir='ltr'>personam</span> <span class='ocrx_word' id='word_1_623' title='bbox 1624 4438 1784 4512; x_wconf 78' lang='lat' dir='ltr'>paenitemis</span> 
     </span>
     <span class='ocr_line' id='line_1_47' title="bbox 131 4493 1784 4606; baseline -0.001 -18"><span class='ocrx_word' id='word_1_624' title='bbox 131 4529 225 4588; x_wconf 89' lang='lat' dir='ltr'>adhuc</span> <span class='ocrx_word' id='word_1_625' title='bbox 253 4529 393 4603; x_wconf 88' lang='lat' dir='ltr'>trepidum</span> <span class='ocrx_word' id='word_1_626' title='bbox 423 4529 550 4604; x_wconf 89' lang='lat' dir='ltr'>nihilque</span> <span class='ocrx_word' id='word_1_627' title='bbox 577 4531 735 4604; x_wconf 90' lang='lat' dir='ltr'>loquentem</span> <span class='ocrx_word' id='word_1_628' title='bbox 758 4537 834 4604; x_wconf 89' lang='lat' dir='ltr'>pater</span> <span class='ocrx_word' id='word_1_629' title='bbox 860 4493 969 4587; x_wconf 84' lang='lat' dir='ltr'>mireD</span> <span class='ocrx_word' id='word_1_630' title='bbox 985 4531 1096 4606; x_wconf 81' lang='lat' dir='ltr'>aptari?</span> <span class='ocrx_word' id='word_1_631' title='bbox 1108 4533 1168 4605; x_wconf 93' lang='lat' dir='ltr'>ipso</span> <span class='ocrx_word' id='word_1_632' title='bbox 1182 4531 1308 4590; x_wconf 89' lang='lat' dir='ltr'>dicente:</span> <span class='ocrx_word' id='word_1_633' title='bbox 1332 4532 1424 4590; x_wconf 80' lang='lat' dir='ltr'>«Dico</span> <span class='ocrx_word' id='word_1_634' title='bbox 1433 4530 1522 4600; x_wconf 85' lang='lat' dir='ltr'>robis,</span> <span class='ocrx_word' id='word_1_635' title='bbox 1536 4530 1577 4588; x_wconf 90' lang='lat' dir='ltr'>sic</span> <span class='ocrx_word' id='word_1_636' title='bbox 1586 4531 1639 4588; x_wconf 92' lang='lat' dir='ltr'>erit</span> <span class='ocrx_word' id='word_1_637' title='bbox 1653 4529 1784 4602; x_wconf 87' lang='lat' dir='ltr'>gaudium</span> 
     </span>
     <span class='ocr_line' id='line_1_48' title="bbox 131 4617 1784 4694; baseline -0.001 -19"><span class='ocrx_word' id='word_1_638' title='bbox 131 4619 279 4676; x_wconf 84' lang='lat' dir='ltr'>confirmat</span> <span class='ocrx_word' id='word_1_639' title='bbox 294 4618 365 4692; x_wconf 81' lang='grc'><strong>(32).</strong></span> <span class='ocrx_word' id='word_1_640' title='bbox 379 4617 432 4676; x_wconf 90' lang='lat' dir='ltr'>Sed</span> <span class='ocrx_word' id='word_1_641' title='bbox 446 4619 494 4676; x_wconf 92' lang='lat' dir='ltr'>ille</span> <span class='ocrx_word' id='word_1_642' title='bbox 507 4619 730 4677; x_wconf 89' lang='lat' dir='ltr'>consultissimus</span> <span class='ocrx_word' id='word_1_643' title='bbox 745 4617 894 4694; x_wconf 87' lang='lat' dir='ltr'>poenitens,</span> <span class='ocrx_word' id='word_1_644' title='bbox 905 4629 932 4678; x_wconf 92' lang='lat' dir='ltr'>et</span> <span class='ocrx_word' id='word_1_645' title='bbox 985 4637 1079 4679; x_wconf 89' lang='lat' dir='ltr'>coram</span> <span class='ocrx_word' id='word_1_646' title='bbox 1091 4621 1197 4694; x_wconf 90' lang='lat' dir='ltr'>angelis</span> <span class='ocrx_word' id='word_1_647' title='bbox 1211 4621 1262 4678; x_wconf 89' lang='lat' dir='ltr'>Dei</span> <span class='ocrx_word' id='word_1_648' title='bbox 1276 4637 1357 4694; x_wconf 87' lang='lat' dir='ltr'>super</span> <span class='ocrx_word' id='word_1_649' title='bbox 1369 4636 1426 4677; x_wconf 91' lang='lat' dir='ltr'>uno</span> <span class='ocrx_word' id='word_1_650' title='bbox 1439 4627 1579 4694; x_wconf 87' lang='lat' dir='ltr'>peccatore</span> <span class='ocrx_word' id='word_1_651' title='bbox 1593 4618 1784 4692; x_wconf 73' lang='lat' dir='ltr'>poenitentiam</span> 
     </span>
     <span class='ocr_line' id='line_1_49' title="bbox 131 4707 1785 4785; baseline -0.001 -17"><span class='ocrx_word' id='word_1_652' title='bbox 131 4709 274 4768; x_wconf 86' lang='lat' dir='ltr'>confessor</span> <span class='ocrx_word' id='word_1_653' title='bbox 297 4708 422 4781; x_wconf 90' lang='lat' dir='ltr'>egregins</span> <span class='ocrx_word' id='word_1_654' title='bbox 439 4708 473 4765; x_wconf 89' lang='lat' dir='ltr'>de</span> <span class='ocrx_word' id='word_1_655' title='bbox 497 4716 562 4766; x_wconf 88' lang='lat' dir='ltr'>voto</span> <span class='ocrx_word' id='word_1_656' title='bbox 585 4709 671 4782; x_wconf 88' lang='lat' dir='ltr'>patris</span> <span class='ocrx_word' id='word_1_657' title='bbox 697 4725 822 4779; x_wconf 86' lang='lat' dir='ltr'>securus,</span> <span class='ocrx_word' id='word_1_658' title='bbox 850 4715 932 4783; x_wconf 89' lang='lat' dir='ltr'>atque</span> <span class='ocrx_word' id='word_1_659' title='bbox 986 4720 1085 4785; x_wconf 89' lang='lat' dir='ltr'>agente</span> <span class='ocrx_word' id='word_1_660' title='bbox 1100 4710 1182 4784; x_wconf 83' lang='lat' dir='ltr'>(ibid.</span> <span class='ocrx_word' id='word_1_661' title='bbox 1196 4711 1252 4782; x_wconf 84' lang='lat' dir='ltr'>lb).</span> <span class='ocrx_word' id='word_1_662' title='bbox 1264 4735 1274 4774; x_wconf 77' lang='grc' dir='ltr'>ι</span> <span class='ocrx_word' id='word_1_663' title='bbox 1286 4708 1483 4767; x_wconf 81' lang='lat' dir='ltr'>Animadverte</span> <span class='ocrx_word' id='word_1_664' title='bbox 1497 4708 1608 4766; x_wconf 89' lang='lat' dir='ltr'>tandem</span> <span class='ocrx_word' id='word_1_665' title='bbox 1620 4707 1785 4767; x_wconf 89' lang='lat' dir='ltr'>senteutiam</span> 
     </span>
     <span class='ocr_line' id='line_1_50' title="bbox 131 4794 1786 4874; baseline 0 -20"><span class='ocrx_word' id='word_1_666' title='bbox 131 4795 224 4854; x_wconf 77' lang='lat' dir='ltr'>adhue</span> <span class='ocrx_word' id='word_1_667' title='bbox 246 4794 280 4853; x_wconf 89' lang='lat' dir='ltr'>de</span> <span class='ocrx_word' id='word_1_668' title='bbox 299 4812 349 4852; x_wconf 91' lang='lat' dir='ltr'>sua</span> <span class='ocrx_word' id='word_1_669' title='bbox 363 4796 550 4855; x_wconf 86' lang='lat' dir='ltr'>satisfactione</span> <span class='ocrx_word' id='word_1_670' title='bbox 562 4804 716 4871; x_wconf 87' lang='lat' dir='ltr'>suspectus,</span> <span class='ocrx_word' id='word_1_671' title='bbox 741 4803 814 4862; x_wconf 83' lang='lat'>600</span> <span class='ocrx_word' id='word_1_672' title='bbox 839 4796 933 4854; x_wconf 89' lang='lat' dir='ltr'>medi-</span> <span class='ocrx_word' id='word_1_673' title='bbox 987 4799 1064 4859; x_wconf 86' lang='lat' dir='ltr'>illam</span> <span class='ocrx_word' id='word_1_674' title='bbox 1075 4800 1186 4858; x_wconf 87' lang='lat' dir='ltr'>Domini</span> <span class='ocrx_word' id='word_1_675' title='bbox 1197 4801 1375 4873; x_wconf 88' lang='lat' dir='ltr'>singularem,</span> <span class='ocrx_word' id='word_1_676' title='bbox 1387 4799 1548 4874; x_wconf 81' lang='lat' dir='ltr'>quiadixit:</span> <span class='ocrx_word' id='word_1_677' title='bbox 1566 4799 1702 4856; x_wconf 76' lang='lat' dir='ltr'>‹Nonest</span> <span class='ocrx_word' id='word_1_678' title='bbox 1717 4811 1786 4872; x_wconf 90' lang='lat' dir='ltr'>opus</span> 
     </span>
     <span class='ocr_line' id='line_1_51' title="bbox 132 4885 1786 4971; baseline 0.003 -21"><span class='ocrx_word' id='word_1_679' title='bbox 132 4898 222 4950; x_wconf 89' lang='lat' dir='ltr'>tatum</span> <span class='ocrx_word' id='word_1_680' title='bbox 238 4891 419 4950; x_wconf 88' lang='lat' dir='ltr'>confessionis</span> <span class='ocrx_word' id='word_1_681' title='bbox 433 4892 558 4950; x_wconf 92' lang='lat' dir='ltr'>ordinem</span> <span class='ocrx_word' id='word_1_682' title='bbox 574 4895 682 4969; x_wconf 90' lang='lat' dir='ltr'>pandit,</span> <span class='ocrx_word' id='word_1_683' title='bbox 697 4905 724 4952; x_wconf 92' lang='lat' dir='ltr'>et</span> <span class='ocrx_word' id='word_1_684' title='bbox 738 4895 831 4954; x_wconf 89' lang='lat' dir='ltr'>verbis</span> <span class='ocrx_word' id='word_1_685' title='bbox 845 4897 933 4971; x_wconf 88' lang='lat' dir='ltr'>expli·</span> <span class='ocrx_word' id='word_1_686' title='bbox 986 4890 1061 4947; x_wconf 70' lang='lat' dir='ltr'>sanis</span> <span class='ocrx_word' id='word_1_687' title='bbox 1075 4889 1208 4960; x_wconf 55' lang='lat' dir='ltr'>melicus,</span> <span class='ocrx_word' id='word_1_688' title='bbox 1223 4889 1270 4946; x_wconf 64' lang='lat' dir='ltr'>wil</span> <span class='ocrx_word' id='word_1_689' title='bbox 1282 4889 1352 4947; x_wconf 64' lang='lat' dir='ltr'>male</span> <span class='ocrx_word' id='word_1_690' title='bbox 1366 4889 1544 4956; x_wconf 64' lang='lat' dir='ltr'>habesslibfflt</span> <span class='ocrx_word' id='word_1_691' title='bbox 1561 4885 1704 4946; x_wconf 66' lang='lat' dir='ltr'>¹10ss⁰11111¹</span> <span class='ocrx_word' id='word_1_692' title='bbox 1721 4886 1786 4944; x_wconf 70' lang='lat' dir='ltr'>veni</span> 
     </span>
     <span class='ocr_line' id='line_1_52' title="bbox 131 4974 1784 5061; baseline -0.004 -21"><span class='ocrx_word' id='word_1_693' title='bbox 131 4989 189 5052; x_wconf 89' lang='lat' dir='ltr'>cat,</span> <span class='ocrx_word' id='word_1_694' title='bbox 209 4979 284 5057; x_wconf 91' lang='lat' dir='ltr'>quod</span> <span class='ocrx_word' id='word_1_695' title='bbox 296 4981 379 5040; x_wconf 86' lang='lat' dir='ltr'>corde</span> <span class='ocrx_word' id='word_1_696' title='bbox 393 4981 602 5041; x_wconf 83' lang='lat' dir='ltr'>ruminaverat:</span> <span class='ocrx_word' id='word_1_697' title='bbox 624 5008 633 5032; x_wconf 78' lang='grc' dir='ltr'>ι</span> <span class='ocrx_word' id='word_1_698' title='bbox 648 4984 738 5053; x_wconf 89' lang='lat' dir='ltr'>Pater,</span> <span class='ocrx_word' id='word_1_699' title='bbox 753 4983 855 5059; x_wconf 90' lang='lat' dir='ltr'>inquit,</span> <span class='ocrx_word' id='word_1_700' title='bbox 873 5003 933 5061; x_wconf 90' lang='lat' dir='ltr'>pec·</span> <span class='ocrx_word' id='word_1_701' title='bbox 987 4979 1194 5053; x_wconf 87' lang='lat' dir='ltr'>vocarejustos,</span> <span class='ocrx_word' id='word_1_702' title='bbox 1205 4979 1252 5037; x_wconf 89' lang='lat' dir='ltr'>sed</span> <span class='ocrx_word' id='word_1_703' title='bbox 1262 4988 1419 5053; x_wconf 87' lang='lat' dir='ltr'>peccatores</span> <span class='ocrx_word' id='word_1_704' title='bbox 1429 4977 1464 5035; x_wconf 92' lang='lat' dir='ltr'>ad</span> <span class='ocrx_word' id='word_1_705' title='bbox 1475 4977 1665 5051; x_wconf 69' lang='lat' dir='ltr'>peonitentiam</span> <span class='ocrx_word' id='word_1_706' title='bbox 1676 4974 1784 5045; x_wconf 72' lang='lat' dir='ltr'>(licitis.</span> 
     </span>
     <span class='ocr_line' id='line_1_53' title="bbox 131 5063 1786 5148; baseline -0.006 -20"><span class='ocrx_word' id='word_1_707' title='bbox 131 5069 196 5128; x_wconf 88' lang='lat' dir='ltr'>cavi</span> <span class='ocrx_word' id='word_1_708' title='bbox 211 5069 240 5129; x_wconf 89' lang='lat' dir='ltr'>in</span> <span class='ocrx_word' id='word_1_709' title='bbox 254 5071 355 5128; x_wconf 78' lang='lat' dir='ltr'>colam</span> <span class='ocrx_word' id='word_1_710' title='bbox 377 5080 404 5129; x_wconf 92' lang='lat' dir='ltr'>et</span> <span class='ocrx_word' id='word_1_711' title='bbox 425 5087 517 5130; x_wconf 88' lang='lat' dir='ltr'>coram</span> <span class='ocrx_word' id='word_1_712' title='bbox 532 5079 577 5130; x_wconf 89' lang='lat' dir='ltr'>te:</span> <span class='ocrx_word' id='word_1_713' title='bbox 602 5071 659 5145; x_wconf 86' lang='lat' dir='ltr'>jam</span> <span class='ocrx_word' id='word_1_714' title='bbox 682 5087 739 5130; x_wconf 92' lang='lat' dir='ltr'>non</span> <span class='ocrx_word' id='word_1_715' title='bbox 758 5089 819 5130; x_wconf 91' lang='lat' dir='ltr'>sum</span> <span class='ocrx_word' id='word_1_716' title='bbox 834 5073 934 5148; x_wconf 87' lang='lat' dir='ltr'>dignus</span> <span class='ocrx_word' id='word_1_717' title='bbox 989 5087 1027 5140; x_wconf 84' lang='lat' dir='ltr'>rx,</span> <span class='ocrx_word' id='word_1_718' title='bbox 1046 5069 1089 5139; x_wconf 81' lang='lat' dir='ltr'>lt,</span> <span class='ocrx_word' id='word_1_719' title='bbox 1102 5069 1160 5142; x_wconf 84' lang='grc'><strong>13).</strong></span> <span class='ocrx_word' id='word_1_720' title='bbox 1176 5093 1186 5120; x_wconf 82' lang='grc' dir='ltr'>ι</span> <span class='ocrx_word' id='word_1_721' title='bbox 1206 5069 1294 5127; x_wconf 86' lang='lat' dir='ltr'>Vocat</span> <span class='ocrx_word' id='word_1_722' title='bbox 1309 5085 1373 5142; x_wconf 91' lang='lat' dir='ltr'>ergo</span> <span class='ocrx_word' id='word_1_723' title='bbox 1388 5068 1524 5126; x_wconf 88' lang='lat' dir='ltr'>Dominus</span> <span class='ocrx_word' id='word_1_724' title='bbox 1544 5067 1580 5124; x_wconf 88' lang='lat' dir='ltr'>ad</span> <span class='ocrx_word' id='word_1_725' title='bbox 1593 5063 1786 5140; x_wconf 75' lang='lat' dir='ltr'>penitentiam</span> 
     </span>
     <span class='ocr_line' id='line_1_54' title="bbox 132 5151 1786 5233; baseline -0.006 -18"><span class='ocrx_word' id='word_1_726' title='bbox 132 5159 228 5217; x_wconf 88' lang='lat' dir='ltr'>vocari</span> <span class='ocrx_word' id='word_1_727' title='bbox 244 5159 321 5218; x_wconf 91' lang='lat' dir='ltr'>illius</span> <span class='ocrx_word' id='word_1_728' title='bbox 333 5168 399 5218; x_wconf 90' lang='lat' dir='ltr'>tuus</span> <span class='ocrx_word' id='word_1_729' title='bbox 409 5177 417 5228; x_wconf 93' lang='lat'>;</span> <span class='ocrx_word' id='word_1_730' title='bbox 426 5161 471 5217; x_wconf 90' lang='lat' dir='ltr'>fac</span> <span class='ocrx_word' id='word_1_731' title='bbox 481 5177 524 5218; x_wconf 88' lang='lat' dir='ltr'>me</span> <span class='ocrx_word' id='word_1_732' title='bbox 533 5160 606 5218; x_wconf 80' lang='lat' dir='ltr'>siem</span> <span class='ocrx_word' id='word_1_733' title='bbox 615 5177 702 5218; x_wconf 90' lang='lat' dir='ltr'>unum</span> <span class='ocrx_word' id='word_1_734' title='bbox 711 5161 746 5220; x_wconf 90' lang='lat' dir='ltr'>de</span> <span class='ocrx_word' id='word_1_735' title='bbox 758 5165 934 5222; x_wconf 86' lang='lat' dir='ltr'>mercenariis</span> <span class='ocrx_word' id='word_1_736' title='bbox 988 5166 1155 5233; x_wconf 89' lang='lat' dir='ltr'>peccatores,</span> <span class='ocrx_word' id='word_1_737' title='bbox 1178 5167 1206 5216; x_wconf 90' lang='lat' dir='ltr'>et</span> <span class='ocrx_word' id='word_1_738' title='bbox 1220 5166 1297 5231; x_wconf 89' lang='lat' dir='ltr'>optat</span> <span class='ocrx_word' id='word_1_739' title='bbox 1321 5157 1445 5216; x_wconf 90' lang='lat' dir='ltr'>medicus</span> <span class='ocrx_word' id='word_1_740' title='bbox 1459 5164 1553 5214; x_wconf 90' lang='lat' dir='ltr'>noster</span> <span class='ocrx_word' id='word_1_741' title='bbox 1571 5151 1709 5227; x_wconf 89' lang='lat' dir='ltr'>languidis</span> <span class='ocrx_word' id='word_1_742' title='bbox 1723 5167 1786 5206; x_wconf 89' lang='lat' dir='ltr'>ma-</span> 
     </span>
     <span class='ocr_line' id='line_1_55' title="bbox 131 5241 1786 5326; baseline -0.004 -22"><span class='ocrx_word' id='word_1_743' title='bbox 131 5245 191 5305; x_wconf 87' lang='lat' dir='ltr'>tuis</span> <span class='ocrx_word' id='word_1_744' title='bbox 203 5247 281 5322; x_wconf 80' lang='lat' dir='ltr'>(bec.</span> <span class='ocrx_word' id='word_1_745' title='bbox 293 5265 342 5318; x_wconf 81' lang='lat' dir='ltr'>xv,</span> <span class='ocrx_word' id='word_1_746' title='bbox 360 5248 402 5318; x_wconf 87' lang='grc'>18,</span> <span class='ocrx_word' id='word_1_747' title='bbox 419 5249 500 5323; x_wconf 79' lang='grc'><strong>19).»</strong></span> <span class='ocrx_word' id='word_1_748' title='bbox 523 5249 650 5308; x_wconf 87' lang='lat' dir='ltr'>Placatus</span> <span class='ocrx_word' id='word_1_749' title='bbox 664 5249 757 5324; x_wconf 89' lang='lat' dir='ltr'>itaque</span> <span class='ocrx_word' id='word_1_750' title='bbox 772 5258 849 5325; x_wconf 88' lang='lat' dir='ltr'>pater</span> <span class='ocrx_word' id='word_1_751' title='bbox 865 5269 932 5326; x_wconf 91' lang='lat' dir='ltr'>pre-</span> <span class='ocrx_word' id='word_1_752' title='bbox 988 5248 1029 5322; x_wconf 91' lang='lat' dir='ltr'>gis</span> <span class='ocrx_word' id='word_1_753' title='bbox 1042 5247 1180 5322; x_wconf 89' lang='lat' dir='ltr'>prodesse,</span> <span class='ocrx_word' id='word_1_754' title='bbox 1196 5263 1278 5322; x_wconf 85' lang='lat' dir='ltr'>quarn</span> <span class='ocrx_word' id='word_1_755' title='bbox 1293 5247 1379 5305; x_wconf 89' lang='lat' dir='ltr'>sanis.</span> <span class='ocrx_word' id='word_1_756' title='bbox 1395 5246 1448 5305; x_wconf 90' lang='lat' dir='ltr'>Sed</span> <span class='ocrx_word' id='word_1_757' title='bbox 1465 5262 1521 5304; x_wconf 91' lang='lat' dir='ltr'>non</span> <span class='ocrx_word' id='word_1_758' title='bbox 1544 5244 1605 5301; x_wconf 88' lang='lat' dir='ltr'>idco</span> <span class='ocrx_word' id='word_1_759' title='bbox 1616 5241 1707 5315; x_wconf 86' lang='lat' dir='ltr'>justos</span> <span class='ocrx_word' id='word_1_760' title='bbox 1719 5257 1786 5314; x_wconf 87' lang='lat' dir='ltr'>prae·</span> 
     </span>
     <span class='ocr_line' id='line_1_56' title="bbox 136 5333 1788 5414; baseline -0.004 -18"><span class='ocrx_word' id='word_1_761' title='bbox 136 5336 219 5396; x_wconf 87' lang='lat' dir='ltr'>cibus</span> <span class='ocrx_word' id='word_1_762' title='bbox 232 5336 403 5409; x_wconf 81' lang='lat' dir='ltr'>confitentis,</span> <span class='ocrx_word' id='word_1_763' title='bbox 418 5341 517 5398; x_wconf 88' lang='lat' dir='ltr'>stolam</span> <span class='ocrx_word' id='word_1_764' title='bbox 531 5339 648 5413; x_wconf 89' lang='lat' dir='ltr'>primam</span> <span class='ocrx_word' id='word_1_765' title='bbox 662 5339 775 5398; x_wconf 86' lang='lat' dir='ltr'>mandat</span> <span class='ocrx_word' id='word_1_766' title='bbox 788 5339 892 5411; x_wconf 82' lang='lat' dir='ltr'>afferri,</span> <span class='ocrx_word' id='word_1_767' title='bbox 907 5351 935 5400; x_wconf 91' lang='lat' dir='ltr'>et</span> <span class='ocrx_word' id='word_1_768' title='bbox 988 5338 1063 5409; x_wconf 90' lang='lat' dir='ltr'>terit,</span> <span class='ocrx_word' id='word_1_769' title='bbox 1088 5339 1153 5414; x_wconf 91' lang='lat' dir='ltr'>quia</span> <span class='ocrx_word' id='word_1_770' title='bbox 1167 5345 1323 5413; x_wconf 89' lang='lat' dir='ltr'>peccatores</span> <span class='ocrx_word' id='word_1_771' title='bbox 1336 5339 1446 5400; x_wconf 79' lang='lat' dir='ltr'>aschcit</span> <span class='ocrx_word' id='word_1_772' title='bbox 1461 5357 1468 5396; x_wconf 90' lang='lat'>:</span> <span class='ocrx_word' id='word_1_773' title='bbox 1496 5353 1559 5394; x_wconf 89' lang='lat' dir='ltr'>nam</span> <span class='ocrx_word' id='word_1_774' title='bbox 1572 5335 1711 5409; x_wconf 85' lang='lat' dir='ltr'>justorum</span> <span class='ocrx_word' id='word_1_775' title='bbox 1729 5333 1788 5390; x_wconf 79' lang='lat' dir='ltr'>uita</span> 
     </span>
     <span class='ocr_line' id='line_1_57' title="bbox 134 5425 1788 5504; baseline -0.002 -20"><span class='ocrx_word' id='word_1_776' title='bbox 134 5426 232 5484; x_wconf 87' lang='lat' dir='ltr'>statim</span> <span class='ocrx_word' id='word_1_777' title='bbox 249 5426 357 5486; x_wconf 89' lang='lat' dir='ltr'>nudum</span> <span class='ocrx_word' id='word_1_778' title='bbox 372 5429 498 5503; x_wconf 80' lang='lat' dir='ltr'>precipit</span> <span class='ocrx_word' id='word_1_779' title='bbox 508 5430 609 5487; x_wconf 89' lang='lat' dir='ltr'>amisso</span> <span class='ocrx_word' id='word_1_780' title='bbox 618 5446 707 5504; x_wconf 87' lang='lat' dir='ltr'>nuper</span> <span class='ocrx_word' id='word_1_781' title='bbox 715 5429 880 5491; x_wconf 88' lang='lat' dir='ltr'>indumento</span> <span class='ocrx_word' id='word_1_782' title='bbox 890 5449 934 5492; x_wconf 89' lang='lat' dir='ltr'>ve·</span> <span class='ocrx_word' id='word_1_783' title='bbox 987 5428 1084 5487; x_wconf 89' lang='lat' dir='ltr'>divina</span> <span class='ocrx_word' id='word_1_784' title='bbox 1098 5429 1207 5489; x_wconf 90' lang='lat' dir='ltr'>vocatio</span> <span class='ocrx_word' id='word_1_785' title='bbox 1230 5435 1281 5502; x_wconf 88' lang='lat' dir='ltr'>est,</span> <span class='ocrx_word' id='word_1_786' title='bbox 1303 5429 1376 5490; x_wconf 88' lang='lat' dir='ltr'>sicut</span> <span class='ocrx_word' id='word_1_787' title='bbox 1397 5425 1547 5503; x_wconf 85' lang='lat' dir='ltr'>nonaginta</span> <span class='ocrx_word' id='word_1_788' title='bbox 1561 5432 1589 5483; x_wconf 90' lang='lat' dir='ltr'>et</span> <span class='ocrx_word' id='word_1_789' title='bbox 1606 5437 1706 5480; x_wconf 85' lang='lat' dir='ltr'>novem</span> <span class='ocrx_word' id='word_1_790' title='bbox 1721 5437 1788 5481; x_wconf 87' lang='lat' dir='ltr'>oves</span> 
     </span>
    </p>
   </div>
   <div class='ocr_carea' id='block_1_4' title="bbox 173 5637 785 5720">
    <p class='ocr_par' dir='ltr' id='par_1_4' title="bbox 173 5637 785 5720">
     <span class='ocr_line' id='line_1_58' title="bbox 173 5637 785 5720; baseline 0.01 -24"><span class='ocrx_word' id='word_1_791' title='bbox 173 5637 236 5714; x_wconf 81' lang='grc'><strong>(31)</strong></span> <span class='ocrx_word' id='word_1_792' title='bbox 257 5639 351 5702; x_wconf 82' lang='lat' dir='ltr'>Codex</span> <span class='ocrx_word' id='word_1_793' title='bbox 365 5641 456 5712; x_wconf 85' lang='lat' dir='ltr'>liam,</span> <span class='ocrx_word' id='word_1_794' title='bbox 471 5640 623 5716; x_wconf 73' lang='lat' dir='ltr'>poterim</span> <span class='ocrx_word' id='word_1_795' title='bbox 635 5643 785 5720; x_wconf 66' lang='lat' dir='ltr'>coufirmat.</span> 
     </span>
    </p>
   </div>
   <div class='ocr_carea' id='block_1_5' title="bbox 0 0 2039 6164">
    <p class='ocr_par' dir='ltr' id='par_1_5' title="bbox 0 0 2039 6164">
     <span class='ocr_line' id='line_1_59' title="bbox 0 0 2039 6164; baseline 0 0"><span class='ocrx_word' id='word_1_796' title='bbox 0 0 2039 6164; x_wconf 95' lang='lat' dir='ltr'> </span> 
     </span>
    </p>
   </div>
  </div>
 </body>
</html>
