4074 6178
114 392 180 462 tias
758 381 898 471 55555.
918 395 1134 476 5555555551.
1703 411 1770 494 irai

115 531 215 590 nostris
240 530 402 599 debehatur,
418 531 448 586 in
463 532 610 605 semetipso
634 536 796 610 suscipiens,
824 541 959 612 5155155Ι
1263 548 1377 608 CAPUT
1396 552 1472 610 XIV.

116 635 164 706 nos
178 635 292 676 suornm
309 618 431 676 reddidit
446 619 607 691 digitorum.
630 623 698 680 Nam
723 626 771 699 qui
796 643 844 700 per
869 628 920 686 in·
1064 635 1232 692 Chromatius
1250 638 1327 695 Urbis
1338 640 1479 713 prefectus
1493 645 1679 708 catechizetur.

114 708 305 765 credulitatem
334 707 532 764 volutabamur
557 708 586 765 in
610 713 786 784 squaloribus
809 718 918 788 mundi,
1009 723 1053 780 di.
1069 725 1133 781 Post
1147 725 1207 784 haec
1222 730 1309 787 mittit
1324 738 1351 787 et
1362 731 1461 791 adduci
1474 751 1535 792 eum
1552 737 1585 793 ad
1600 755 1628 795 se
1643 746 1772 818 praeccpit

115 814 160 870 per
174 797 257 854 fidem
273 797 360 854 abluti
376 813 391 852 a
405 796 662 866 sordibus,divinis
676 804 918 884 sumnsmanibus‚
974 829 1022 884 per
1036 823 1145 872 noctem
1159 820 1276 888 occulis,
1292 830 1319 878 θ(
1333 822 1449 881 offerens
1468 825 1492 880 gi
1507 827 1648 886 infinitum
1663 834 1771 904 pondus

113 895 143 942 nt
155 887 203 943 ille
217 893 282 942 tuus
298 886 428 954 annolus,
454 887 586 944 restituti.
613 889 746 963 Nunquid
770 893 844 948 servi
865 895 918 964 lui,
974 902 1033 958 auri
1048 901 1157 962 dicebat
1174 925 1179 962 :
1202 907 1321 966 Ostende
1336 911 1405 968 mihi
1420 915 1651 976 medicamentum
1666 937 1771 997 exque

114 981 160 1054 qui
175 984 385 1045 tenegaverunt
400 977 552 1024 dominum
563 995 658 1040 muro.
682 981 747 1036 dum
770 990 797 1040 te
813 984 841 1038 in
865 985 920 1043 ha·
973 994 1139 1064 recuperasti
1155 997 1282 1054 salutem.
1310 999 1360 1057 Cui
1381 1002 1590 1077 Tranquillinus
1609 1009 1671 1066 ait:
1695 1011 1771 1070 Scias

973 1083 1103 1152 grandem
1130 1086 1198 1142 iram
1219 1098 1246 1146 et
1266 1090 1388 1148 furorem
1408 1095 1459 1150 Dei
1484 1111 1609 1168 passuros
1633 1117 1700 1171 asse,
1723 1104 1771 1177 qui

113 1067 172 1122 bitu
184 1062 280 1119 servili
295 1059 472 1132 respicerent,
492 1073 551 1113 non
579 1064 730 1128 potnerunt
750 1069 784 1112 ur
805 1073 919 1146 susq-05

114 1151 283 1210 occidiflta
297 1156 324 1204 51
339 1147 387 1220 qui
405 1155 506 1218 negant
519 1135 661 1242 Christum
675 1143 826 1243 Dominum
840 1161 921 1201 suum
975 1167 1088 1220 grase„
1121 1173 1183 1234 fus
1211 1178 1255 1233 vel
1287 1180 1499 1240 venundandam
1531 1187 1692 1246 existimant
1725 1195 1769 1249 vel

115 1257 163 1314 pro
177 1240 231 1295 boc
246 1235 319 1310 quod
332 1235 514 1307 semetipsum
529 1249 545 1289 a
561 1238 705 1304 malestata
718 1232 886 1301 exinanivit,
895 1242 922 1290 et
976 1236 1129 1293 amendam.
1235 1267 1262 1294 ,-
1275 1285 1285 1300 ,
1296 1268 1319 1312 ·,

116 1325 230 1381 formam
250 1321 324 1378 servi
343 1319 474 1392 suscepit,
492 1317 652 1374 nullatenus
671 1319 802 1389 poterunt
824 1322 921 1384 aeterni
975 1323 1055 1380 crede
1075 1324 1216 1382 Christum
1233 1271 1511 1412 Filiumalhgiqafflffi
1530 1276 1625 1420 dogm?
1648 1279 1769 1380 hbeiari’

116 1411 188 1485 ignis
202 1425 296 1484 poenas
309 1408 436 1465 evadere.
454 1407 519 1464 Ideo
533 1405 653 1479 denique
665 1403 747 1460 nobit
760 1404 807 1477 qul
817 1404 846 1460 in
858 1420 921 1460 etim
976 1411 1059 1469 hodie
1072 1429 1116 1469 me
1131 1414 1220 1484 vides,
1231 1414 1270 1471 ita
1279 1416 1372 1471 salvus
1387 1415 1451 1472 eris,
1468 1374 1686 1492 Neffirffeeffi'ff
1698 1379 1770 1467 sicul

116 1501 264 1567 credimus,
279 1497 377 1554 aeterni
393 1495 480 1552 fontis
498 1494 574 1551 unda
597 1493 739 1561 subvenit,
756 1501 788 1548 ut
803 1501 923 1551 aeternus
976 1501 1127 1571 deferebar,
1152 1510 1179 1559 et
1200 1503 1329 1562 undecim
1351 1521 1437 1561 annos
1460 1522 1509 1577 per
1523 1458 1770 1579 55555155ῗὲ1ῘΠῙΒ

118 1591 188 1663 ignis
204 1589 237 1646 ab
252 1596 356 1644 aeterno
370 1586 448 1643 fonte
461 1584 601 1652 vincatur,
616 1591 644 1640 51
655 1582 807 1641 infidelitas
821 1599 837 1642 a
850 1583 923 1641 fide-
977 1606 1126 1647 nervorum
1142 1592 1170 1647 in
1189 1608 1303 1664 corpore
1322 1609 1384 1650 mco
1398 1592 1525 1652 dolorum
1541 1595 1621 1652 nodis
1635 1597 1773 1666 astrictus,

118 1680 194 1735 litate
210 1683 364 1749 superetur.
978 1679 1027 1735 vix
1041 1679 1083 1734 ori
1097 1695 1159 1735 meo
1184 1680 1262 1750 panis
1282 1681 1380 1737 alienis
1395 1683 1523 1740 manibus
1537 1684 1717 1742 tradebatur:
1743 1687 1793 1742 il-·
1817 1722 1819 1726 ι

153 1773 198 1830 tt.
214 1775 363 1831 Praefectus
376 1772 450 1830 dixit
466 1790 472 1829 :
494 1773 529 1830 Ut
543 1773 636 1842 video,
650 1787 707 1828 non
721 1779 753 1828 ut
768 1772 842 1828 filios
860 1779 923 1829 tuos
977 1771 1031 1829 lieo
1045 1779 1077 1828 ut
1096 1772 1237 1830 Christum
1257 1787 1353 1828 varum
1367 1773 1455 1829 Deum
1470 1790 1528 1830 esse
1546 1774 1662 1844 credidi,
1680 1775 1776 1832 salutis

119 1863 152 1920 ab
167 1863 219 1919 bac
233 1863 386 1920 intentione
400 1863 511 1920 tolleres
527 1863 682 1935 poposcisse
697 1861 822 1934 probaris
833 1861 921 1918 indu-
937 1871 961 1932 Β
978 1876 1044 1918 meae
1059 1860 1159 1934 gaudia
1173 1861 1273 1932 recepi,
1297 1865 1324 1916 et
1338 1877 1399 1916 sum
1415 1860 1572 1930 incolumis,
1598 1862 1662 1934 quia
1679 1879 1775 1920 verum

121 1952 188 2016 cias,
204 1951 295 2008 sedut
309 1951 357 2008 bas
370 1951 458 2007 aniles
471 1949 578 2008 fabulas
601 1949 636 2007 ad
657 1957 751 2007 nostra
773 1949 924 2008 tribunalia
977 1951 1065 2006 Deum
1080 1950 1244 2006 salvatorem
1261 1965 1353 2004 meum
1368 1949 1478 2021 agnovi.

125 2040 274 2098 meditatus
298 2039 357 2113 (51)
381 2039 500 2098 afferres.
526 2038 733 2113 Tranquillinus
753 2038 845 2096 dixit:
862 2039 922 2096 Non
1012 2035 1057 2094 18.
1079 2037 1156 2094 Tunc
1169 2037 1314 2108 prefectus
1337 2037 1444 2094 dimisit
1458 2053 1521 2094 eum
1537 2037 1652 2095 dicens:
1679 2036 1777 2097 Adduo

124 2127 282 2186 mediantur
296 2127 427 2202 discipuli
440 2127 544 2186 Christi
561 2126 629 2200 quid
643 2127 673 2183 in
687 2135 837 2200 conspectu
849 2126 922 2199 judi·
977 2127 1011 2184 ad
1026 2142 1070 2182 me
1085 2127 1132 2199 qui
1146 2132 1173 2181 te
1187 2125 1375 2182 Christianum
1396 2126 1473 2194 feeit,
1497 2133 1527 2182 ut
1542 2127 1566 2183 si
1580 2128 1649 2183 mibi
1668 2129 1778 2200 promi-

124 2233 187 2276 cum
203 2221 413 2289 prosequantur.
440 2216 486 2272 Sic
511 2216 586 2273 enim
610 2215 779 2289 praemonuit
802 2216 920 2274 dicens:
977 2219 1044 2275 serit
1069 2219 1226 2287 sanitatem,
1252 2217 1354 2291 possim
1379 2225 1407 2276 et
1425 2233 1474 2291 ego
1501 2218 1562 2274 lieri
1590 2219 1775 2278 Christianus.

123 2305 238 2374 Quando
251 2305 432 2377 potestatibus
447 2303 529 2375 liujus
546 2305 703 2362 mundivos
716 2320 797 2362 causa
808 2305 922 2361 meino·
977 2307 1076 2365 Statim
1096 2315 1187 2364 551555
1209 2306 1418 2381 Tranquillinus
1442 2307 1558 2364 veniens
1584 2307 1619 2364 ad
1644 2307 1672 2364 S.
1696 2309 1777 2381 Poly·

123 2394 206 2452 minis
225 2393 345 2462 tradent,
372 2393 459 2449 nolite
482 2393 601 2466 cogitare
625 2393 764 2466 quomodo
787 2399 835 2449 aut
855 2393 922 2466 quld
976 2412 1089 2468 carpum
1113 2397 1302 2469 presbyterum
1325 2395 1450 2452 narravit
1465 2396 1491 2452 ei
1510 2396 1604 2452 omnia
1628 2413 1689 2471 qna
1704 2404 1778 2471 gesta

123 2483 274 2557 loquamini
288 2501 295 2551 ;
310 2480 422 2538 dabitur
431 2482 505 2538 eninr
517 2482 741 2540 vobisdivinitus
751 2481 780 2537 in
794 2483 842 2538 illa
856 2481 924 2538 hora
977 2486 1022 2543 vel
1036 2487 1111 2544 diota
1124 2495 1206 2553 sunt,
1222 2494 1250 2544 51
1263 2485 1367 2542 ducens
1382 2502 1444 2542 eum
1458 2485 1531 2542 intra
1550 2485 1663 2543 domum
1680 2489 1778 2547 occul-

124 2571 190 2646 quid
206 2570 368 2643 loquamini.
385 2570 532 2626 Nouanim
545 2588 595 2627 vos
613 2571 680 2628 estis
696 2571 745 2645 qui
760 2569 920 2644 loquimini,
976 2582 1013 2643 te,
1030 2575 1150 2647 praefecti
1166 2590 1228 2630 cum
1243 2571 1398 2645 aspectibus
1418 2577 1604 2646 praesentavit.
1623 2574 1675 2632 Cui
1700 2593 1777 2648 prae-

122 2660 169 2719 sed
184 2660 304 2732 Spiritus
318 2659 378 2726 Dei,
394 2659 442 2731 qui
459 2660 583 2732 loquitur
601 2661 631 2716 in
655 2659 734 2717 vobis
760 2661 866 2731 (115111.
891 2675 921 2728 1,
976 2664 1066 2720 fectus
1088 2664 1150 2719 ait:
1178 2663 1256 2719 Licet
1279 2663 1370 2735 gravis
1396 2662 1599 2720 animadversio
1618 2664 1776 2737 principum

124 2755 181 2826 19).
205 2754 266 2810 lion
282 2769 345 2825 ergo
362 2752 522 2810 meditando
535 2770 594 2826 ego,
610 2753 657 2811 sed
674 2752 810 2811 credendo
827 2753 922 2810 inveni
977 2751 1142 2834 Christianis
1157 2752 1257 2808 infesta
1279 2751 1325 2820 sit,
1350 2758 1443 2807 tamen
1458 2767 1505 2824 spe
1522 2751 1715 2825 recuperandae
1729 2769 1779 2811 sa-

124 2844 280 2902 Creatorem
294 2859 397 2912 meum,
413 2851 440 2899 et
453 2845 501 2916 qui
515 2861 589 2902 eram
605 2844 753 2918 podagrico
775 2853 803 2901 et
825 2843 922 2903 511155-
977 2842 1045 2898 lutis
1072 2841 1182 2898 51155555
1210 2843 1290 2898 vobis
1316 2841 1452 2916 quidquid
1476 2843 1547 2900 illud
1567 2851 1609 2900 551
1631 2861 1719 2919 usque
1743 2845 1778 2902 ad

123 2936 198 3008 grieo
215 2935 310 2992 dolore
324 2943 482 2993 contractus
496 2942 523 2991 51
537 2942 679 3010 quassatus
694 2937 765 3008 (55),
782 2935 875 2992 statim
892 2945 923 2992 ut
976 2931 1125 2988 dimidium
1139 2930 1277 2988 bonorum
1300 2932 1461 3004 patrimonii
1484 2933 1550 3002 mei,
1565 2933 1590 2992 si
1604 2933 1638 2990 ab
1655 2933 1707 2992 hac
1722 2951 1778 2990 no-

123 3027 234 3086 Christo
256 3026 374 3094 credidi,
390 3025 457 3084 acsi
473 3023 606 3099 parvulus
626 3024 753 3081 omniurn
781 3025 923 3080 membro·
976 3020 1094 3078 dositate
1120 3020 1347 3094 condylomatum
1363 3021 1422 3094 (57)
1448 3022 1501 3079 mei
1529 3023 1634 3080 fuerint
1655 3023 1777 3081 membra

124 3135 185 3175 rum
200 3134 322 3174 meorum
338 3117 429 3189 recepi
444 3117 599 3173 sanitatem.
627 3113 740 3174 Constat
763 3132 827 3189 ergo
850 3116 922 3190 apud
976 3111 1099 3185 corporis
1122 3113 1253 3170 resoluta.
1277 3113 1355 3170 Tunc
1382 3114 1410 3170 S.
1434 3114 1604 3188 Polycarpus
1631 3115 1777 3173 subridens

124 3207 249 3264 animum
265 3223 367 3276 meum,
389 3207 479 3278 ipsum
494 3221 538 3261 me
553 3221 657 3263 creasse
671 3206 719 3278 qui
733 3221 777 3262 me
791 3222 922 3262 renovare
940 3230 961 3289 C
977 3200 1015 3256 ait
1033 3219 1038 3255 :
1059 3201 1159 3260 Potens
1183 3211 1224 3260 est
1246 3203 1384 3259 Dominus
1405 3203 1483 3259 lesus
1506 3204 1635 3263 Christus
1654 3213 1686 3261 51
1701 3205 1777 3277 igno·

122 3295 251 3368 dignatus
265 3302 317 3362 est,
332 3303 359 3350 et
373 3292 537 3351 sicutdedit
551 3294 780 3352 restaurationem
801 3297 922 3367 corpori,
978 3295 1075 3350 rantiae
1105 3301 1159 3350 tusc
1184 3295 1284 3367 januas
1313 3295 1372 3368 (58)
1402 3295 1516 3368 aperiat,
1536 3305 1563 3352 51
1579 3296 1706 3353 ostendat
1724 3295 1776 3353 tibi

119 3385 160 3442 lta
175 3402 283 3459 quoque
299 3385 398 3442 animas
412 3383 667 3456 postlatamvitam
690 3383 754 3440 dare
783 3385 920 3461 promisit,
978 3382 1051 3454 quod
1075 3382 1133 3456 ipse
1151 3384 1188 3440 sit
1208 3385 1332 3456 corporis
1355 3383 1397 3440 tui
1413 3391 1588 3440 restaurator.
1605 3385 1674 3441 Nam
1689 3399 1778 3456 pecu-

115 3475 141 3532 51
157 3481 251 3530 tamen
267 3489 323 3530 non
335 3473 438 3531 dubius
452 3487 503 3529 nec
517 3471 633 3529 timidus
650 3472 795 3530 bominum
812 3473 922 3530 terrori·
977 3471 1053 3526 niam
1068 3471 1126 3527 siva
1142 3472 1190 3544 qui
1204 3471 1335 3540 allernut,
1351 3471 1410 3527 sive
1427 3470 1475 3545 qui
1493 3471 1612 3528 oblatam
1627 3471 1778 3543 accipiunt,

115 3566 172 3623 bus
191 3563 320 3637 frangar;
343 3563 390 3620 sed
407 3562 436 3620 in
451 3561 510 3636 ejus
529 3561 652 3620 nominis
670 3562 842 3620 confessione
856 3579 924 3635 per·
977 3575 1033 3617 non
1047 3561 1137 3618 solum
1151 3562 1257 3618 nnllam
1269 3560 1427 3618 dolentibus
1440 3561 1588 3619 conferunt
1600 3561 1777 3626 medicinam,

116 3653 223 3710 durans
236 3651 319 3709 fidem
336 3651 482 3726 integram,
499 3667 581 3726 quam
597 3667 641 3708 me
654 3653 727 3710 Deus
749 3651 816 3708 fecit
837 3650 922 3709 inve·
977 3651 1025 3708 sed
1040 3652 1123 3708 etlam
1137 3652 1193 3729 ipsi
1207 3650 1261 3709 sibi
1275 3651 1458 3709 insanabilem
1474 3650 1602 3707 morbum
1621 3659 1776 3708 assumunt.

116 3741 190 3810 nire,
207 3757 377 3799 conservem.
977 3741 1051 3798 llicit
1070 3741 1095 3797 ei
1110 3742 1277 3814 prefectus:
1300 3741 1352 3800 Dic
1367 3756 1432 3814 ergo
1446 3740 1517 3798 milri
1531 3739 1599 3815 quid
1613 3738 1722 3811 faciam,
1747 3750 1779 3798 ut

155 3837 199 3895 lb.
229 3837 378 3896 Praefectus
405 3839 481 3895 dixit
505 3856 513 3896 :
542 3839 677 3914 Ignoras,
708 3839 920 3914 tranquilline,
976 3831 1109 3903 consequi
1129 3831 1235 3888 valeam
1250 3829 1324 3903 quod
1339 3845 1428 3903 spero.
1444 3829 1519 3886 Dicit
1539 3830 1564 3885 ei
1585 3830 1775 3903 Polycarpus:

117 3933 222 3997 quanta
236 3925 484 3984 invictissimorum
499 3927 657 4002 principum
668 3944 731 4002 erga
751 3928 922 3987 Christianos
976 3917 1005 3974 Sl
1033 3918 1183 3976 ‘dedideris
1212 3933 1248 3974 0³1
1276 3925 1336 3974 ¹⁰²⁰
1361 3917 1443 3976 0⁰de
1473 3926 1532 3986 1110,
1560 3917 1633 3975 Sicut
1659 3917 1777 3976 0115111111

119 4011 163 4065 155
176 4009 315 4077 desaeviat,
332 4019 359 4066 et
372 4012 435 4067 ideo
451 4015 528 4084 quasi
544 4030 658 4071 securus
680 4015 754 4087 quod
772 4015 824 4071 tibi
839 4016 923 4073 vidc—
977 4005 1196 4079 Tranquillissuss
1212 4005 1380 4062 8311139118·
1406 4004 1481 4062 Dilil
1494 4005 1520 4061 θῑ
1535 4004 1700 4076 Pl'aefssfllssss
1716 4004 1777 4072 0¹1⁰

118 4105 167 4154 tur
181 4097 241 4153 sine
264 4097 363 4152 timore
388 4099 571 4171 prosequeris.
595 4101 802 4174 Tranquillinus
825 4102 920 4160 dixit:
976 4094 1205 4154 Ordissecredere
1229 4093 1342 4150 debeam
1367 4093 1521 4151 intimato?
1545 4094 1623 4151 Tunc
1643 4093 1671 4149 S·
1688 4092 1777 4164 P01l-

117 4186 229 4244 Stultus
244 4186 328 4242 timor
342 4195 393 4254 est,
410 4203 464 4260 quo
483 4187 545 4259 plus
562 4189 677 4245 timetur
700 4190 820 4248 humana
844 4191 923 4255 indi·
976 4203 1074 4260 carpus
1097 4185 1277 4243 catechizavit
1294 4200 1369 4253 eum,
1393 4190 1420 4238 et
1446 4181 1550 4239 indixit
1568 4182 1594 4238 ei
1612 4189 1643 4238 ut
1657 4195 1706 4254 per
1719 4181 1775 4238 tri-

116 4277 215 4348 gnatio
229 4290 311 4349 quarn
325 4274 433 4332 divina.
451 4276 583 4350 Nunquid
606 4277 630 4334 si
653 4276 682 4334 in
704 4278 796 4336 medio
822 4295 921 4336 canum
977 4277 1063 4335 duum
1075 4274 1228 4348 jejunaret.
1254 4274 1290 4330 Et
1303 4288 1459 4330 convocans
1473 4271 1508 4328 ad
1531 4287 1559 4328 55
1583 4271 1611 4330 S.
1633 4269 1776 4327 Sebastia-

118 4364 282 4421 latrantium
299 4364 469 4431 venerimus,
484 4372 512 4422 et
525 4381 597 4422 vano
611 4364 705 4422 furore
718 4382 769 4424 nos
789 4367 921 4440 coeperint
976 4384 1055 4439 num,
1066 4367 1156 4425 tribus
1168 4366 1267 4424 diebus
1280 4374 1307 4423 51
1317 4365 1409 4424 tribus
1419 4364 1548 4424 noctibus
1559 4362 1698 4436 jsJunavit
1711 4377 1775 4420 oum

116 4454 179 4510 suis
194 4454 331 4512 morsibus
352 4462 508 4526 attrectare,
533 4463 649 4529 possunt
672 4455 752 4514 nohis
772 4455 807 4513 de
828 4458 921 4514 animo
975 4473 1035 4513 eo:
1065 4466 1092 4513 et
1116 4473 1179 4513 cum
1204 4454 1335 4529 lacrymis
1358 4454 1461 4528 pariter
1484 4451 1609 4521 orabant,
1637 4457 1668 4509 ut
1692 4450 1774 4508 iidem

113 4543 218 4602 tollere
234 4541 287 4600 hoc
310 4544 384 4618 quod
409 4563 460 4602 nos
483 4545 610 4603 homines
631 4563 726 4603 sumus
742 4546 919 4604 rationabiles
934 4585 959 4644 D
976 4545 1098 4601 nominis
1111 4545 1154 4602 sui
1178 4545 1343 4602 1555151555
1367 4542 1489 4600 volentis
1509 4541 1620 4600 credere
1638 4541 1775 4600 Dominus

113 4631 267 4706 (5615555
283 4633 338 4689 sint
353 4633 397 4689 illi
411 4651 504 4704 canes,
522 4643 549 4692 et
563 4635 778 4704 irrationabiles,
799 4644 826 4692 51
842 4636 920 4692 1555-
974 4634 1133 4694 declararet.

111 4720 226 4777 511115
241 4721 289 4793 qui
304 4721 474 4780 5511555515
490 4724 666 4781 credentibus
684 4725 849 4794 irascuntur,
865 4741 921 4782 55-
1270 4723 1384 4783 carot
1402 4722 1466 4780 XV.

111 4809 178 4867 vire
193 4809 304 4882 quidem
325 4822 449 4884 possunt,
475 4821 502 4870 51
521 4813 624 4871 1515555
647 4815 742 4888 iniqua
763 4815 918 4889 supplicia3
1171 4813 1319 4872 Chromatii
1331 4810 1470 4881 confracta
1484 4810 1567 4866 idola.

109 4917 259 4976 nunquam
285 4911 376 4960 151555
394 4905 427 4962 de
446 4905 529 4964 corde
547 4915 641 4964 nostro
659 4907 712 4966 boc
726 4909 832 4965 auferre
846 4918 920 4982 pote-
1008 4901 1053 4960 ts.
1074 4902 1161 4975 Igitur
1176 4919 1240 4959 curn
1254 4902 1315 4958 dies
1328 4900 1420 4968 155115,
1438 4916 1499 4971 quae
1514 4898 1771 4966 constitutafuerat,

109 5002 194 5061 runt,
209 4992 284 5067 quod
298 4997 450 5052 Dominum
465 4997 557 5054 lesum
574 4997 715 5055 Christum
730 5007 757 5056 51
771 5007 920 5056 creatorem
973 4992 1140 5062 advenisset,
1163 4992 1198 5048 ad
1211 4993 1326 5049 domum
1342 4989 1505 5048 sustinentis
1520 4987 1642 5062 praefecti
1657 4988 1774 5046 veniunt

109 5098 176 5141 esse
191 5083 343 5152 oredimus,
358 5094 385 5141 51
399 5083 601 5158 redemptorem
617 5095 742 5144 nostrum
765 5105 797 5146 ac
819 5097 921 5146 555155-
974 5084 1075 5156 pariter
1096 5089 1285 5157 properantes.
1310 5080 1364 5149 Qui
1388 5077 1505 5151 ingressi
1528 5076 1689 5133 dixerunt:
1715 5076 1773 5132 Pax
1856 5106 1859 5112 ‚

109 5180 237 5233 retorem
252 5191 311 5232 esse
326 5175 487 5248 gaudemus.
504 5177 574 5233 Tum
588 5177 734 5251 prefectus
753 5176 837 5250 jussit
857 5194 919 5233 euro
973 5173 1038 5231 fidei
1052 5183 1116 5231 tuae.
1136 5175 1173 5230 At
1194 5173 1242 5230 ille
1263 5171 1428 5229 resalutavit
1450 5185 1496 5227 eos
1515 5165 1726 5234 officiosissime,
1745 5175 1773 5223 51

109 5261 205 5334 recipi
219 5278 235 5318 a
248 5262 472 5334 Commentariis,
487 5263 605 5322 dicens:
626 5265 756 5324 Proxima
769 5274 795 5323 te
810 5265 920 5324 audiam
973 5263 1101 5322 hortatur
1127 5279 1173 5320 eos
1200 5262 1294 5319 sedere
1316 5260 1398 5334 juxta
1414 5275 1453 5331 se,
1482 5265 1509 5314 51
1533 5256 1629 5314 dixit:
1658 5253 1703 5310 Ex
1725 5269 1772 5310 ore

110 5351 249 5408 sessione.
972 5353 1158 5429 Tranquillini
1181 5354 1251 5412 ratio
1276 5369 1383 5426 egressa
1407 5350 1553 5409 oculorum
1577 5359 1701 5402 meorum
1724 5359 1773 5399 as-

169 5527 455 5604 5115155555.
972 5537 1090 5612 gitorum
1113 5536 1195 5594 tuber
1216 5535 1275 5592 sive
1298 5529 1504 5612 inflammatio:
1525 5543 1591 5586 mss.
1622 5522 1771 5594 habebant,

169 5606 217 5678 55)
234 5607 291 5674 Al,
311 5621 432 5676 quassas.
971 5611 1215 5681 coadaequantum
1229 5606 1353 5680 quidam,
1369 5603 1480 5658 doloris.

171 5677 217 5748 56)
233 5677 362 5746 Quidam,
377 5678 530 5735 rationales.
1008 5679 1066 5755 (58)
1087 5681 1144 5750 111,
1165 5681 1269 5736 Valeas.

160 5753 218 5826 (57)
236 5751 401 5832 tardiloqua,
418 5766 458 5815 est
473 5757 504 5815 in
516 5753 644 5830 condylis
657 5751 715 5814 sive
732 5751 856 5813 articulis
870 5753 918 5812 di-
