4082 6176
181 263 233 322 671
689 259 737 314 ΑΙ)
757 257 874 315 OPERA
892 255 920 313 S.
938 255 1104 316 Aneaostr
1124 254 1314 313 APPENDIX.
1783 254 1828 316 tlt

182 387 242 464 ipso
256 385 356 460 spiritu
366 384 453 442 osculi
472 383 557 440 vestri
571 399 620 440 vos
634 382 775 455 reprobet!
791 381 870 451 Quod
884 381 908 439 si
919 382 977 458 lraec
992 395 1015 455 p,
1031 389 1144 440 necatur
1171 383 1287 440 Saulus:
1310 381 1339 438 vi
1355 383 1483 439 vincatur
1504 384 1654 456 apostolus,
1670 381 1829 442 vivificatur

181 478 254 536 forte
277 493 333 535 non
355 473 490 548 cogitatis,
510 473 626 531 forsitan
656 473 835 529 vehementer
859 473 976 538 erratis;
1032 471 1134 543 justus,
1157 471 1318 528 vivificatur
1344 481 1371 530 et
1398 471 1510 530 Paulus.
1538 473 1628 546 Usque
1651 472 1720 529 adeo
1744 479 1828 530 antem

182 569 253 627 scire
271 564 472 634 enimdebetis,
491 581 555 622 cum
578 565 608 620 io
632 562 855 638 Quadrpgesimae
883 562 980 620 diebus

178 657 276 731 jejuno
293 669 409 728 pransus
431 652 560 721 occurrit,
577 668 633 709 non
654 651 724 710 bene
752 651 786 708 de
801 651 850 707 illo
860 649 978 724 judicat,

182 745 229 820 qui
245 743 364 817 jejunat.

218 855 244 912 3.
260 853 318 910 lloc
346 851 422 908 enim
439 849 501 908 ideo
519 849 593 920 dieo,
618 849 682 923 quia
703 848 786 907 audio
813 846 979 920 complures,

181 945 254 1020 quod
269 943 378 1019 grarim
392 950 444 1014 est,
459 941 553 1000 fideles
580 939 694 998 alternis
708 940 737 996 in
760 936 976 1010 Quadragesima

182 1033 361 1095 hebdomadis
390 1034 538 1100 abstinere,
566 1038 592 1087 et
615 1037 804 1086 consecratum
826 1027 907 1082 illum
923 1025 979 1082 die·

181 1143 242 1184 rum
269 1140 416 1182 numerem
445 1123 515 1195 gulm
540 1117 752 1191 intemperantia
784 1115 898 1183 violare,
928 1112 982 1169 hoc

180 1226 232 1288 est,
248 1217 382 1290 prandere
401 1223 504 1287 septem
533 1211 642 1268 dierum
659 1207 809 1276 curriculo,
825 1215 852 1264 et
876 1213 980 1279 septem

182 1305 289 1362 dierum
307 1302 396 1377 spatio
407 1300 545 1374 jejunare.
557 1300 663 1368 Quibus
677 1299 730 1356 boc
743 1297 817 1366 dico,
833 1313 883 1354 cur
897 1295 981 1353 etiam

182 1411 231 1468 per
247 1395 311 1451 illos
323 1400 427 1464 septam
441 1390 499 1448 dies
513 1390 638 1448 fraudem
653 1389 707 1446 sibi
726 1388 829 1446 iaciant
845 1385 982 1459 jejunan-

182 1483 229 1551 do,
244 1499 307 1540 cum
326 1482 383 1539 illis
406 1480 545 1554 jejunium
568 1480 623 1536 tale
645 1496 701 1536 non
714 1477 829 1551 prosit?
849 1475 981 1545 Quamvis

182 1579 257 1637 enim
280 1577 416 1636 abstineat
438 1576 500 1651 quis
519 1576 602 1634 certis
629 1571 736 1639 diebus,
752 1568 881 1644 quamvis
907 1567 981 1625 cibo-

182 1691 243 1730 rum
258 1673 383 1731 dulciora
413 1671 545 1727 alimenta
560 1684 617 1726 non
632 1675 732 1737 sumat,
755 1681 812 1722 non
827 1673 920 1720 tamen
939 1661 981 1719 illi

1035 561 1156 636 perdidit
1176 569 1296 620 veterem
1318 579 1382 620 eum
1405 563 1513 620 actibus
1539 562 1596 621 suis
1624 563 1780 633 hominem,
1803 572 1828 620 ut

1035 671 1098 711 cum
1124 653 1247 710 moribus
1269 661 1387 710 mutaret
1406 664 1433 712 et
1450 670 1563 712 nornen.
1580 654 1713 730 Quisquis
1730 655 1827 729 ergoin

1036 742 1087 799 hac
1109 741 1256 799 devotione
1290 743 1510 816 Quadragesimae
1529 741 1679 800 Dominica
1709 743 1829 802 mandata

1036 831 1197 900 servaverit,
1211 831 1355 889 necabitur
1369 833 1397 890 in
1413 850 1445 890 eo
1460 832 1596 890 diabolica
1609 831 1750 906 impietas,
1766 850 1830 908 apo-

1035 921 1132 978 stolica
1159 929 1251 977 autem
1273 921 1459 979 reservabitur
1483 921 1584 996 gratia}
1614 931 1641 979 et
1686 923 1831 982 succedens

1036 1012 1238 1086 quodammodo
1257 1012 1312 1070 sibi
1336 1014 1404 1086 ipse,
1428 1015 1546 1071 moritur
1563 1029 1598 1070 ex
1620 1030 1653 1072 ea
1680 1024 1761 1088 parte
1783 1032 1832 1090 qua

1036 1113 1163 1176 peccator
1184 1111 1235 1172 est,
1258 1103 1416 1163 vivificatur
1441 1121 1476 1162 err
1490 1105 1538 1162 illa
1564 1113 1644 1178 parte
1667 1121 1723 1179 qua
1739 1105 1828 1179 justus

1036 1203 1088 1251 est.

1071 1284 1098 1340 5.
1116 1283 1266 1342 Videamus
1288 1286 1371 1341 etiam
1388 1284 1411 1342 si
1433 1284 1500 1342 alibi
1526 1285 1556 1341 iri
1577 1283 1731 1360 Scripturis
1761 1286 1835 1345 hune

1037 1375 1185 1448 mysticum
1201 1376 1414 1450 quadragesimas
1428 1393 1575 1434 numerum
1597 1378 1736 1451 possimus
1750 1379 1838 1436 inve-

1036 1469 1105 1525 nire.
1117 1468 1244 1540 Legimus
1263 1470 1338 1544 quod
1351 1478 1461 1527 sanctus
1476 1471 1587 1543 Moyses
1610 1470 1638 1527 in
1660 1487 1752 1528 eremo
1771 1488 1836 1546 qua·

1036 1557 1163 1630 draginta
1184 1573 1321 1614 annorum
1352 1559 1492 1617 curriculo
1521 1557 1596 1617 lilios
1623 1560 1701 1616 lsrael
1725 1561 1836 1620 cmlesti

1037 1665 1137 1704 manna
1151 1647 1282 1704 nutrierit
1302 1649 1404 1720 (Ecod.
1425 1667 1485 1718 xvi,
1511 1649 1569 1722 35).
1588 1649 1678 1708 bonus
1701 1666 1764 1722 ergo
1781 1668 1835 1709 nu·

183 1771 294 1836 eeeepee
316 1763 404 1819 ferque
424 1761 483 1835 (86)
507 1757 728 1830 (quadragesime
755 1754 904 1828 jejunium,
933 1750 980 1824 qui
998 1745 1021 1806 Β
1038 1755 1140 1807 merus,
1154 1737 1202 1812 qui
1217 1754 1325 1811 semper
1338 1739 1559 1840 epalumlaperit:
1585 1739 1685 1809 bonus,
1708 1739 1835 1814 inquam,

184 1852 349 1910 nondiebus
364 1851 544 1928 quadraginta
561 1849 680 1925 jejunat.
705 1848 792 1906 Pudet
807 1847 909 1914 dicere,
942 1859 980 1899 ee·
1036 1846 1178 1900 numeros,
1192 1847 1241 1904 per
1259 1847 1340 1904 quem
1352 1830 1466 1903 Justitra
1487 1831 1545 1886 Noa
1569 1830 1705 1900 salvatur,
1717 1831 1840 1888 etlsrael

184 1959 233 2001 nee
246 1948 274 1999 eg
286 1941 403 2000 enieupae
418 1941 660 2014 Quedpeggsgmgm
678 1938 806 1995 facium
823 1934 941 2007 juvenes
955 1941 982 1990 eg
1036 1917 1089 1974 filii
1103 1921 1274 1993 saginantur.
1302 1919 1379 1976 Unde
1394 1927 1421 1977 et
1436 1935 1488 1976 nos
1502 1919 1683 1976 observemus
1699 1919 1777 1978 bunc
1791 1936 1840 1977 nu·

180 2031 339 2105 juvencula
363 2047 419 2087 non
440 2029 547 2087 iaciunt
566 2030 636 2104 (87).
649 2027 731 2085 Omni
748 2026 833 2098 igitur
842 2024 978 2082 sollicitu-
1037 2021 1197 2080 merussbssl
1215 2012 1376 2084 aperiuntur
1391 2011 1472 2069 1¹⁰bi8
1492 2010 1566 2079 wli»
1585 2019 1725 2084 quatenus
1740 2018 1768 2068 el
1781 2012 1840 2085 plu·

184 2118 249 2177 dine
262 2128 370 2193 tempus
390 2118 606 2176 meracissimum
628 2115 809 2184 celebremus,
825 2128 883 2169 non
907 2127 982 2186 pre-
1036 2101 1082 2158 via
1099 2117 1149 2157 nos
1172 2102 1265 2174 gratia
1284 2101 1406 2174 spirtalis
1426 2103 1535 2171 irroret,
1551 2107 1578 2158 et
1605 2099 1778 2174 spiritalium
1798 2119 1840 2159 sa-

184 2215 270 2266 tereat
295 2223 345 2264 nos
368 2207 427 2264 dies
452 2207 553 2282 absque
575 2205 693 2280 jejunio,
716 2219 840 2261 nonnos
862 2207 983 2258 transeat
1036 2199 1240 2248 elementorum
1262 2208 1365 2248 menna
1388 2191 1510 2259 reficiam
1526 2191 1614 2248 instar
1633 2191 1711 2247 enirn
1731 2199 1839 2264 patrum

184 2313 240 2354 una
258 2294 431 2353 hebdomada
453 2295 556 2370 absque
580 2294 694 2367 vigiliis.
724 2293 774 2348 ltle
806 2290 881 2346 enim
915 2288 983 2346 feeit
1036 2288 1196 2336 nostrorum
1209 2280 1262 2338 hac
1272 2279 1467 2338 observatione
1478 2279 1693 2354 quadragesima
1716 2289 1745 2336 et
1760 2279 1840 2352 justi·

186 2385 439 2458 Quadragesimam,
453 2385 500 2458 qni
513 2383 665 2458 injuriando
681 2390 709 2438 et
724 2380 867 2454 vigilando
881 2395 982 2435 ascen-
1037 2369 1153 2427 ficemur
1174 2373 1247 2432 422
1270 2377 1297 2427 el
1316 2369 1477 2444 pascimur:
1495 2367 1685 2441 justificantur
1718 2370 1838 2440 lavaero,

185 2477 227 2533 dit
240 2475 352 2550 paseha.
371 2475 439 2532 Nam
460 2475 533 2532 sicut
551 2473 659 2547 reliquo
674 2487 747 2528 anno
763 2469 890 2542 jejunare
912 2486 979 2542 prea-
1037 2467 1176 2540 pascimur
1186 2469 1373 2527 sacramentis.

185 2565 273 2622 mium
289 2570 341 2633 2⁸²,
361 2563 400 2620 iit
420 2564 450 2619 51¹
469 2561 685 2634 Quadragesima
702 2557 983 2631 ¹¹⁰¹¹l⁰i'1¹¹⁸f0l)⁰⁰·
1073 2571 1099 2628 6.
1117 2571 1169 2630 Sed
1184 2573 1258 2631 dicet
1274 2572 1384 2648 aliquis,
1400 2573 1473 2632 lilios
1481 2573 1563 2631 lsrael
1578 2575 1608 2631 in
1618 2591 1713 2632 eremo
1728 2573 1840 2648 quando

184 2663 275 2713 catum
291 2661 348 2722 est;
372 2654 420 2710 illa
445 2653 519 2710 enim
540 2651 698 2709 voluntaria
712 2658 777 2707 sunt
796 2647 913 2722 jejunia,
931 2648 984 2704 ista
1038 2677 1139 2718 menne
1153 2663 1268 2720 gemmei
1287 2671 1362 2730 sune,
1377 2663 1493 2722 minime
1504 2663 1652 2736 jejunasse,
1669 2664 1729 2738 Ego
1748 2672 1839 2722 mem

91 2806 98 2814 .
185 2743 355 2804 necessaria:
372 2743 421 2801 itta
436 2742 470 2800 de
484 2741 600 2800 arbitrio
614 2741 743 2806 veniunt
757 2739 853 2796 isene
868 2735 984 2812 legauit
1038 2751 1238 2810 nimitlosnon
1249 2753 1841 2829 nisimsrtnentiaerunevaeasse,aequsideo

185 2834 234 2892 illa
247 2832 411 2902 invitamus,
427 2830 461 2888 ad
475 2831 528 2888 i⁸i³
543 2829 749 2904 wffllellifflssf·
1038 2843 1156 2902 coelestis
1171 2843 1310 2902 alimonias
1325 2845 1440 2918 gratiam
1456 2845 1589 2902 meruisse
1605 2862 1611 2901 :
1628 2845 1841 2920 primum,qnia

219 2940 247 2998 l.
263 2940 317 2998 Sed
325 2938 471 2996 rideamus
485 2939 537 2994 iste
562 2936 743 3012 qnadraginta
768 2935 877 2993 diemm
897 2950 983 2992 sacra·
1039 2931 1178 2990 desertum
1194 2949 1275 2991 omna
1287 2933 1425 3007 jejunium
1442 2943 1500 3002 est3
1519 2933 1584 3008 quia
1594 2934 1722 2992 anxietas
1732 2935 1837 2993 solitu-

185 3030 310 3088 tissimns
325 3043 459 3096 numerus
473 3025 546 3086 unde
569 3025 669 3083 habere
689 3023 802 3099 coeperit
825 3023 982 3081 exordium.
1040 3021 1177 3096 diuis(88)
1194 3023 1447 3098 concupiscentiam
1462 3023 1572 3098 repellit
1579 3041 1704 3082 escarum
1716 3043 1723 3081 :
1737 3025 1837 3084 deinde

185 3117 313 3192 Legimus
335 3116 457 3192 primum
478 3116 508 3173 in
530 3114 625 3174 Veteri
648 3115 822 3180 Testamento
835 3113 892 3172 Noe
915 3122 981 3171 tem·
996 3101 1022 3168 G
1038 3114 1066 3170 io
1078 3132 1169 3174 eremo
1184 3116 1257 3173 unde
1273 3123 1407 3176 accuratae
1417 3117 1505 3189 epulae
1515 3116 1530 3172 l
1542 3116 1616 3174 nnde
1630 3117 1697 3174 vine
1730 3117 1837 3190 pretio-

184 3208 310 3283 poribus,
329 3223 489 3267 cumomne
504 3222 589 3280 genus
606 3203 754 3263 hominnm
770 3204 902 3263 scelerata
930 3204 981 3262 iui-
1036 3205 1087 3262 sai
1115 3205 1390 3281 undequadraginta
1413 3221 1548 3263 annornm
1572 3213 1695 3280 tempore
1729 3207 1837 3280 qualis-

184 3300 274 3376 qnitas
295 3307 463 3374 occupasset,
486 3305 529 3357 tot
559 3297 669 3356 dierum
698 3311 813 3354 numero
837 3294 981 3370 patefactis
1036 3310 1145 3369 cunque
1159 3295 1338 3353 substantia?
1351 3293 1537 3368 lntelligimus
1558 3312 1622 3370 ergo
1640 3295 1780 3369 jejunasse
1799 3295 1837 3352 fi-

184 3391 330 3449 cetaractis
351 3392 416 3450 caeli
439 3405 573 3465 aquarum
600 3387 709 3463 pluvias
731 3386 878 3445 deduxisse
901 3385 978 3459 (tlara.
1038 3385 1089 3452 lios
1105 3386 1207 3454 lsraal;
1224 3385 1289 3458 quia
1301 3385 1493 3458 cognoscimus
1508 3387 1564 3445 illis
1582 3403 1707 3444 escarum
1729 3388 1834 3462 copiam

183 3497 235 3550 vrr,
251 3481 309 3553 lt),
324 3487 352 3536 et
375 3480 508 3554 mysterio
529 3477 649 3552 quodam
673 3475 886 3551 quadragesima
901 3475 981 3532 innu-
1035 3473 1167 3541 defuisse,
1182 3484 1209 3532 et
1218 3482 1286 3532 tune
1295 3475 1445 3548 sumpsisse
1459 3477 1564 3548 cibum,
1578 3476 1688 3552 quando
1701 3477 1833 3553 largienti

184 3568 295 3626 datione
314 3569 374 3626 orbi
390 3575 526 3626 terrarum
558 3567 639 3637 facta,
664 3583 720 3624 non
753 3573 809 3622 tarn
843 3564 981 3621 diluvium
1036 3565 1155 3622 Domino
1179 3566 1336 3638 placuisset.
1359 3566 1431 3624 Satis
1459 3578 1550 3626 autern
1572 3567 1622 3625 din
1639 3566 1759 3642 jejunat,
1787 3568 1832 3644 qui

184 3677 266 3736 quam
281 3659 447 3734 baptismum
468 3659 627 3733 contigisse.
646 3656 803 3732 Baptismus
822 3655 902 3728 plane
916 3654 981 3725 fuit,
1036 3671 1099 3712 cum
1114 3653 1218 3712 Christi
1237 3656 1380 3713 voluntate
1394 3673 1423 3715 se
1442 3657 1541 3715 reficit.
1567 3659 1656 3732 Usque
1673 3657 1742 3716 adeo
1771 3674 1836 3716 vero

184 3746 316 3824 perquod
330 3747 360 3805 in
375 3747 566 3821 peecatoribus
580 3745 714 3821 iniquitas
736 3745 844 3802 sublata
857 3753 909 3811 est,
923 3745 981 3802 Noe
1011 3783 1016 3790 ·
1036 3744 1203 3803 abstinentia
1215 3745 1339 3802 liliorum
1354 3747 1435 3804 lsrael
1452 3746 1481 3802 in
1500 3764 1592 3806 eremo
1615 3749 1721 3822 placuit
1745 3749 1835 3807 Salva·

182 3839 292 3914 justitia
304 3848 475 3898 conservata.
493 3840 533 3895 lta
547 3854 610 3913 ergo
626 3846 653 3896 et
663 3837 832 3896 modonobis
846 3837 982 3895 Dominus
1036 3834 1101 3904 tori,
1117 3845 1147 3892 ut
1164 3835 1346 3908 quorumdam
1358 3836 1521 3895 etiaminter
1535 3837 1609 3912 ipsos
1625 3838 1836 3913 intemperantia

185 3928 320 3986 adinstar
342 3929 419 3986 illius
436 3927 569 4001 temporis
584 3927 825 4000 Quadragesimam
847 3926 934 3996 dedit,
952 3933 983 3982 ut
1037 3931 1194 3990 notaretur;
1213 3923 1253 3982 ita
1273 3931 1305 3981 nt
1329 3925 1455 4000 quisquis
1469 3926 1579 3984 avidior
1587 3926 1705 4000 duplum
1730 3943 1837 3985 manna

184 4018 335 4078 constituto
351 4018 460 4076 diemm
474 4034 601 4087 numero,
627 4017 769 4091 patefactis
783 4017 872 4082 omlis,
887 4015 984 4089 pluvia
1037 4014 1130 4071 cibum
1153 4014 1205 4072 sibi
1224 4017 1381 4088 collegerat,
1397 4014 1444 4072 hic
1457 4015 1509 4074 liae
1523 4015 1625 4088 injurie
1643 4017 1787 4088 feriretur,
1807 4025 1838 4075 nt

186 4125 234 4166 uos
256 4107 454 4166 misericordia
474 4109 594 4166 coelestis
616 4106 726 4176 irroret,
746 4113 773 4164 et
801 4103 983 4162 inundatione
1037 4121 1093 4162 non
1107 4113 1165 4161 tam
1180 4105 1273 4162 cibum
1286 4105 1338 4163 sibi
1355 4107 1529 4164 inveniretur
1543 4123 1675 4177 servasse,
1687 4125 1837 4182 quamver-

184 4198 258 4256 facta
271 4215 319 4272 per
332 4198 501 4272 baptismum
517 4195 621 4255 lavacri
635 4195 764 4254 saluteris
779 4211 829 4251 nos
843 4193 932 4251 imber
950 4194 982 4251 il·
1038 4215 1113 4256 mes:
1130 4199 1236 4256 scilicet
1250 4206 1281 4256 nt
1296 4199 1362 4274 quia
1380 4215 1462 4272 supra
1473 4199 1642 4258 moderatam
1657 4201 1837 4260 relectionem

186 4289 314 4346 luminat:
332 4291 444 4348 etsicut
462 4296 530 4346 tunc
553 4288 657 4346 laetum
686 4295 727 4344 est
741 4301 876 4361 aquarum
893 4283 984 4342 llueti·
1038 4287 1225 4359 concupierat,
1240 4289 1451 4346 volutstimulis
1473 4289 1639 4363 quibusdam
1660 4290 1840 4350 conscientie

185 4378 248 4445 bus,
263 4380 457 4452 exstinguatur
470 4397 545 4438 nunc
559 4381 589 4437 in
605 4379 686 4438 nobis
700 4379 866 4436 delictorum
881 4376 983 4450 iniqni-
1038 4375 1067 4432 in
1083 4393 1186 4433 morem
1203 4377 1341 4436 vermium
1351 4385 1503 4452 urgeretur.

185 4475 236 4538 tas,
257 4469 393 4524 virtutum
408 4469 520 4542 justitia
542 4479 732 4527 conservetur.
747 4471 808 4541 lpsa
826 4468 900 4526 enim
921 4459 1024 4544 quael)
1074 4477 1100 4531 7.
1116 4475 1204 4550 Igitur
1215 4483 1243 4532 et
1265 4492 1325 4546 uos,
1340 4476 1449 4546 iratres,
1474 4476 1659 4535 observantes
1684 4477 1840 4552 Quadrage·

185 4563 237 4622 snb
256 4563 324 4633 Noe,
338 4572 365 4621 et
381 4561 463 4622 modo
486 4563 604 4620 vertitur
626 4563 713 4633 rati0;
726 4563 882 4637 baptismus
907 4565 982 4621 enim
1039 4566 1116 4624 simae
1128 4564 1290 4640 quotidiana
1307 4573 1333 4620 et
1355 4565 1496 4624 moderata
1515 4566 1635 4640 jejunia,
1658 4575 1686 4623 et
1707 4575 1840 4642 tanquam

186 4653 323 4730 peccatori
338 4652 477 4711 diluvium
498 4661 549 4722 est,
581 4651 750 4711 consecratio
776 4660 817 4710 est
833 4651 918 4710 fideli.
934 4653 986 4711 Per
1039 4654 1068 4712 in
1093 4670 1184 4712 eremo
1203 4653 1360 4720 constituti,
1382 4654 1453 4712 nihil
1475 4655 1639 4714 deliciarum
1662 4656 1839 4714 secularium

187 4747 327 4804 lavacrum
345 4745 420 4801 enim
447 4743 561 4802 Domini
587 4744 709 4802 salvatur
729 4741 850 4815 justitia,
872 4752 985 4804 necatur
1039 4744 1200 4816 cogitemus,
1211 4743 1288 4800 nulla
1302 4759 1352 4800 nos
1367 4744 1551 4818 cupiditatum
1576 4745 1764 4820 corporalium
1779 4745 1841 4802 dnl-

187 4833 336 4909 injustitia:
353 4834 466 4908 qnodin
487 4833 704 4907 onoeodemque
733 4823 836 4889 lactum
859 4833 985 4892 videmus
1039 4831 1262 4892 cedesollicitet.
1291 4833 1384 4891 Simus
1401 4833 1498 4903 sobrii,
1516 4834 1603 4892 simus
1623 4834 1708 4902 casti;
1737 4833 1841 4891 haben·

186 4924 310 4998 apostolo
324 4923 420 4994 Panlo,
443 4923 492 4998 qui
506 4923 666 4996 priusquam
691 4919 835 4995 preceptis
855 4922 984 4994 spiritali·
1039 4933 1080 4984 tes
1089 4925 1199 4999 quidem
1215 4923 1455 4982 conversationem
1464 4925 1492 4980 in
1507 4925 1634 4995 urbibus,
1650 4923 1842 4999 possideamus

186 5013 238 5072 hus
269 5013 419 5082 lavaretur,
454 5021 513 5069 erat
542 5010 721 5086 blasphemus
753 5018 922 5084 persecutor,
958 5019 985 5066 et
1041 5023 1132 5072 mente
1144 5015 1293 5072 desertum.
1322 5013 1351 5071 Si
1373 5014 1410 5070 ita
1439 5013 1608 5072 abstinentes
1623 5015 1772 5089 egerimus,
1785 5014 1842 5072 erit

187 5107 302 5176 Saulus;
323 5113 351 5163 at
373 5103 421 5160 ubi
445 5103 541 5178 pluvia
563 5119 645 5175 super
663 5119 726 5160 eum
744 5100 847 5158 lavacri
862 5098 984 5156 celestis
1040 5111 1070 5161 ut
1082 5105 1201 5162 coelestis
1236 5120 1343 5160 manna
1365 5103 1522 5162 reficiamur
1545 5104 1687 5174 alimonia,
1703 5113 1731 5162 et
1753 5105 1842 5162 nullis

187 5196 311 5267 influxit,
330 5201 445 5252 necatur
469 5193 657 5267 blasphemos,
678 5201 793 5250 necator
814 5197 984 5264 persecutor,
1040 5193 1176 5250 vermium
1193 5191 1314 5250 stimulis
1324 5209 1551 5267 compungamur.
1581 5203 1584 5210 ·

223 5419 282 5494 (86)
306 5418 400 5477 Codex
413 5415 554 5486 Valliscl.‚
575 5433 630 5474 nos
645 5420 731 5472 tumea
757 5413 832 5470 illias
854 5419 986 5486 acceptum

187 5488 285 5638 [iiii
294 5498 413 5620 idmst.
426 5560 507 5626 ,eoa
525 5558 739 5633 taroanense
758 5558 895 5627 variae,
918 5557 985 5614 arer-

189 5635 224 5684 ’θ’
233 5645 450 5702 lulmaqeeaoa
463 5633 578 5704 [ualeat.

1077 5413 1136 5480 (88)
1156 5412 1219 5469 Vet.
1231 5413 1297 5470 edit.
1314 5429 1388 5470 curn.
1399 5411 1841 5483 ms.Vallisel.,quicaaietassot·

1041 5484 1203 5616 {ipffiadipim
1214 5485 1312 5542 melius
1327 5484 1393 5542 edit.
1406 5485 1485 5542 Rom.
1502 5500 1565 5541 eum
1583 5481 1647 5543 eod.
1668 5483 1781 5557 bugd...
1798 5501 1841 5539 so-

1052 5575 1061 5612 ι
1110 5573 1171 5613 rasa.
