4094 6182
136 308 188 368 231
682 305 866 366 COMMENT.
886 311 922 368 IN
941 311 1049 370 EPIST.
1070 314 1082 371 1
1102 315 1151 372 ΑΙ)
1170 315 1249 374 COR.
1291 381 1296 388 ,
1737 327 1791 387 282
1843 357 1844 366 ο

137 431 350 493 Praedicantiurn
366 430 493 505 pericula
509 437 535 487 et
549 429 656 488 labores
671 441 804 491 memorat
818 434 913 494 dicens
929 456 936 496 :
955 439 1059 512 Aquis
1074 441 1121 516 qni
1145 444 1282 501 caelestem
1296 445 1433 517 iustitiam
1456 458 1558 520 serrat,
1582 448 1643 509 siue
1662 450 1748 510 dubio
1762 455 1793 513 in

109 583 114 592 Ι
143 547 153 574 ι
168 522 239 594 Quid
258 531 285 579 et
300 539 354 579 uos
367 519 580 595 periclitamur?
595 545 604 572 ι
625 529 653 579 et
665 522 830 580 subauditur
851 542 858 582 τ
885 527 940 584 nisi
995 529 1046 588 hac
1060 534 1187 604 prasenti
1201 533 1261 607 (56)
1277 536 1414 607 perlectus
1429 546 1479 594 est.

136 612 198 688 quia
213 627 361 686 speramus
375 610 497 668 futuram
512 612 752 682 resurrectionem,
768 613 840 672 sicut
858 632 940 688 supra
1037 645 1046 668 ι
1065 621 1249 694 Ignorantiam
1265 624 1339 681 enim
1354 626 1403 682 Dei
1420 627 1531 700 quidam
1547 626 1658 700 habent,
1669 631 1703 688 ad
1719 645 1793 688 vere·

136 709 283 771 memorat,
293 701 389 758 Securi
404 699 477 756 enim
493 700 559 774 quia
573 709 634 774 post
648 702 729 759 istam
743 713 859 762 mortem
874 721 940 763 vera
993 708 1123 767 cundiam
1139 711 1217 768 vobis
1237 714 1344 787 loquor.
1370 737 1379 762 ι
1409 717 1585 790 Propositum
1600 720 1650 776 Dei
1665 721 1793 794 ignoran-

135 793 192 849 rita
207 799 350 867 sequetur,
366 790 488 865 pericula
503 805 561 847 uon
580 790 679 848 timent
694 792 771 850 illata
785 794 819 850 ab
834 794 939 852 inlide-
992 808 1033 857 tes
1053 802 1083 870 ii,
1106 803 1152 876 qui
1177 803 1249 860 inter
1269 819 1315 860 ens
1331 807 1562 866 convertebantur
1578 810 1649 882 (57),
1669 819 1793 869 mortuos

136 881 220 951 libus,
237 891 348 957 propter
360 881 452 937 zelum
467 880 593 950 illorum,
604 897 673 954 quos
687 881 939 954 quiacrediderunt
992 895 1194 944 resurrecturos
1215 888 1331 945 stultum
1355 906 1413 948 esse
1436 893 1566 951 dicebant
1593 896 1712 954 credere.
1728 897 1793 954 ldco

133 987 162 1028 se
191 971 352 1046 perdidisse,
382 970 489 1028 dolent.
519 970 744 1028 Sollicitudinem
767 990 831 1047 ergo
859 990 936 1032 suain
992 977 1123 1049 pudorem
1146 977 1204 1034 illis
1228 979 1329 1036 incutit
1344 982 1421 1053 quasi
1437 982 1676 1056 imprudentibus;
1693 989 1793 1046 crede·

133 1060 266 1132 ostendit,
282 1077 366 1136 quarn
379 1060 498 1118 habebat
512 1075 575 1134 erga
589 1062 708 1120 salutem
724 1061 849 1135 illorum,
868 1081 938 1138 pro·
990 1065 1058 1123 bant
1073 1069 1147 1124 enirn
1162 1069 1273 1143 eisqui,
1301 1071 1484 1142 ignorantiam
1498 1075 1548 1131 Dei
1563 1074 1704 1146 habentes,
1720 1093 1793 1134 con-

134 1159 193 1226 pter
209 1153 326 1227 gloriam
349 1153 509 1227 promissam
529 1172 544 1211 a
563 1154 695 1224 Domino,
710 1156 781 1215 sicut
796 1164 823 1214 et
837 1157 865 1214 iu
879 1158 937 1231 lege
991 1161 1033 1210 tra
1047 1156 1096 1212 Dci
1111 1164 1212 1214 statuta
1226 1158 1371 1215 docebant.

133 1241 318 1300 dictumest:
341 1243 462 1298 ‹Exalta
476 1243 549 1300 sicut
562 1244 629 1301 tuba
638 1249 741 1303 'vocem
758 1253 855 1314 tuam;
872 1248 895 1303 si
910 1257 936 1303 te
1028 1245 1118 1318 (Vers.
1134 1247 1191 1318 35.)
1213 1273 1222 1295 ι
1242 1248 1294 1306 Sed
1309 1247 1383 1306 dicet
1403 1251 1504 1324 aliquis
1522 1268 1528 1308 :
1553 1250 1789 1318 Quemadmodum

133 1330 286 1400 audierint,
297 1330 447 1388 lucraberis
461 1331 566 1390 animas
581 1334 694 1392 illorum
711 1337 820 1408 (Erech.
832 1353 934 1406 xxxrrr,
991 1345 1132 1408 resurgent
1161 1339 1286 1395 mortuil
1314 1339 1411 1407 Quore
1426 1355 1539 1412 corpore
1554 1340 1713 1399 venienrt·
1736 1345 1790 1402 Hos

133 1419 261 1491 5).·Au
276 1415 328 1477 hoc
341 1419 491 1478 festinabat
506 1421 656 1495 Apostolus
670 1415 778 1496 semper
788 1425 934 1494 sollicitus,
990 1425 1064 1483 dixit
1077 1427 1261 1500 ignorantiam
1282 1430 1332 1486 Dei
1361 1430 1472 1500 habere,
1503 1448 1620 1505 quorum
1636 1433 1790 1507 depravatae

132 1517 162 1565 ut
177 1508 265 1582 gloria
283 1509 327 1566 illi
349 1517 483 1568 cresceret
507 1512 580 1585 apud
603 1513 691 1571 Deum
706 1514 847 1588 acquisitae
862 1516 935 1571 salu·
990 1518 1132 1573 sententia
1146 1518 1229 1574 verba
1244 1520 1372 1591 protulit,
1388 1519 1482 1578 dicens
1499 1539 1504 1578 ε
1529 1522 1789 1590 «Quemadmodum

131 1597 167 1655 tis
182 1598 348 1655 multorum.
990 1618 1132 1682 resurgent
1156 1611 1281 1669 mortuil
1305 1629 1394 1688 quove
1408 1629 1521 1686 corpore
1536 1615 1673 1672 venienti
1692 1639 1702 1664 ι
1737 1616 1789 1675 Cui

167 1688 261 1760 (Vers.
281 1688 341 1760 32.)
364 1712 374 1738 ‹
394 1688 423 1746 Si
446 1689 599 1748 secundum
621 1689 762 1748 hominem
786 1693 821 1750 ad
834 1693 937 1750 bestias
989 1715 1109 1770 congrue
1125 1701 1275 1773 respondit,
1290 1702 1404 1759 dicens:

130 1778 252 1852 pugnavi
272 1776 387 1852 Ephesi,
404 1778 472 1852 quid
489 1779 559 1836 mihi
572 1781 694 1852 prodest,
714 1783 737 1838 si
761 1783 864 1841 mortni
879 1799 934 1839 non
952 1819 975 1881 B
1027 1791 1117 1861 (vers,
1133 1791 1191 1864 36)
1209 1792 1330 1862 «stulte,
1347 1801 1380 1850 tn
1395 1794 1468 1866 quod
1483 1793 1612 1864 seminas,
1628 1810 1684 1851 non
1697 1796 1789 1853 vivifi.

130 1868 330 1941 resurgenti»
354 1867 477 1939 licceat,
502 1869 691 1928 sisenandum
707 1870 861 1929 humanum
876 1889 935 1928 sen·
989 1886 1076 1950 catur,
1091 1881 1144 1938 nisi
1165 1883 1241 1954 prius
1256 1882 1418 1940 moriatur?
1433 1908 1442 1932 ι
1463 1885 1532 1941 llum
1547 1883 1661 1941 animali
1678 1883 1790 1942 homine

132 1973 196 2014 sum
214 1956 276 2030 (qui
290 1956 384 2014 videus
397 1956 451 2016 hoe
466 1959 496 2016 in
510 1976 602 2017 rerum
616 1968 745 2018 naturam
755 1977 811 2018 non
827 1963 933 2032 cedere,
989 1987 1046 2027 non
1060 1972 1156 2044 utique
1179 1973 1246 2046 legis
1272 1975 1438 2031 anctoritate
1454 1974 1520 2048 agit,
1536 1983 1568 2032 ut
1581 1976 1716 2049 exemplis
1729 1993 1790 2032 sua·

133 2057 166 2106 ut
181 2065 246 2106 caro
267 2048 324 2121 jan
345 2051 436 2107 soluta
458 2051 624 2110 reformetur
646 2054 681 2110 ad
706 2052 803 2123 vitam,
820 2055 935 2111 minime
989 2060 1062 2128 dent,
1077 2077 1137 2134 qnae
1155 2062 1178 2118 si
1193 2062 1336 2135 reciperet,
1351 2080 1407 2120 non
1424 2073 1545 2120 erraret:
1562 2063 1610 2121 sed
1624 2063 1739 2138 physica
1750 2081 1790 2120 ra·

130 2138 220 2195 credit
243 2140 364 2197 intutam
391 2143 621 2200 resurrectionem
638 2144 824 2218 mortuorum)
839 2144 934 2201 bestiis
989 2133 1119 2220 tione,'de
1133 2168 1186 2225 qua
1199 2151 1253 2209 sibi
1265 2153 1417 2223 blanditur,
1432 2161 1463 2210 ut
1475 2170 1531 2211 non
1542 2155 1635 2211 credat
1649 2170 1790 2227 resurgere

129 2229 234 2299 offerri,
250 2229 322 2286 mori
339 2247 396 2288 nou
411 2231 494 2288 timui
511 2231 582 2307 (53),
599 2232 670 2289 nihil
684 2233 799 2306 proieci.
815 2233 868 2292 Sed
878 2249 934 2290 non
989 2240 1079 2297 soluta
1107 2249 1134 2298 et
1161 2249 1270 2299 mortua
1293 2259 1416 2315 corpora.
1445 2243 1574 2300 Ostendit
1591 2243 1665 2299 enirn
1681 2249 1790 2300 mortua

130 2321 182 2380 hoc
209 2330 262 2392 est,
277 2323 342 2397 quia
368 2332 460 2382 certus
483 2325 517 2382 de
535 2325 670 2398 promissa
689 2326 757 2396 vita,
775 2343 831 2384 non
844 2327 934 2384 solum
989 2344 1098 2385 rursum
1115 2331 1235 2403 reparari
1250 2331 1285 2388 ad
1296 2332 1382 2389 tritam
1402 2339 1429 2389 et
1441 2331 1645 2405 multiplicata;
1673 2340 1705 2389 nt
1719 2349 1783 2390 con·

129 2427 185 2468 non
198 2412 305 2482 timuit,
323 2413 371 2470 sed
386 2419 413 2470 et
428 2413 546 2472 libenter
561 2414 658 2472 hestiis
684 2417 778 2474 offerri
797 2433 825 2473 se
840 2433 935 2489 passus
989 2418 1122 2476 tundatur
1135 2436 1212 2477 error
1229 2421 1377 2479 humanus.

129 2511 181 2573 est,
197 2503 271 2560 sicut
293 2503 367 2561 inter
379 2513 477 2562 caetera
489 2506 530 2562 ait
544 2506 574 2562 in
589 2506 707 2564 Actibus
721 2509 908 2580 apostolorum
926 2520 932 2559 :
1026 2513 1116 2582 (Vere.
1134 2513 1179 2580 37,
1203 2514 1261 2585 38.)
1294 2539 1303 2562 ι
1322 2514 1438 2587 Et-quid
1453 2514 1598 2572 seminas?
1612 2515 1672 2572 Non
1687 2531 1788 2588 corpus

136 2623 145 2647 ι
162 2599 222 2672 Ego
237 2599 312 2656 enirn
337 2615 393 2657 non
413 2603 503 2658 solum
524 2602 614 2675 ligari,
631 2603 678 2660 sed
692 2609 720 2659 et
734 2602 805 2659 mori
825 2609 935 2674 paratus
983 2601 1063 2672 ¹qnod
1077 2601 1201 2658 iuturnrn
1228 2610 1278 2671 est,
1301 2603 1442 2658 sentinas:
1471 2602 1518 2658 sed
1534 2603 1640 2659 nudum
1659 2619 1787 2675 granum,

128 2701 191 2741 sum
202 2685 232 2742 in
246 2685 439 2761 Hierosolyma
450 2705 499 2762 pro
510 2689 623 2747 nomine
632 2688 746 2748 Dourini
756 2689 820 2746 Jesn
829 2689 934 2748 Christi
989 2698 1019 2746 ut
1034 2699 1099 2760 puta
1107 2689 1203 2758 tritici,
1218 2699 1266 2746 aut
1279 2690 1398 2763 alicujus
1410 2698 1592 2747 ceterorum:
1611 2694 1686 2748 Deus
1695 2701 1787 2749 autem

129 2777 202 2850 (dih
220 2775 382 2848 ¹¹1sl3)·’
989 2785 1060 2845 265
1078 2789 1120 2848 illi
1135 2790 1181 2847 dat
1196 2805 1305 2861 corpus,
1327 2796 1407 2860 prout
1422 2791 1482 2845 vult
1505 2805 1511 2843 :
1537 2797 1563 2845 el
1584 2788 1734 2861 unicuique
1747 2802 1786 2843 se·

173 2899 183 2924 ι
201 2875 400 2934 Manducemus
428 2885 455 2936 et
481 2877 631 2946 bibamus;
653 2895 713 2936 cras
736 2877 810 2936 enim
835 2879 933 2936 morie·
988 2881 1094 2937 minum
1110 2879 1250 2952 proprium
1267 2892 1402 2950 corpus.»
1424 2878 1452 2934 Si
1468 2893 1532 2949 ergo
1546 2877 1652 2933 nudum
1668 2891 1784 2950 granum

127 2979 203 3021 mur.
220 2991 230 3015 ι
254 2967 313 3023 Hoc
326 2964 361 3022 ab
376 2967 447 3025 isaia
461 2968 595 3040 propheta
618 2967 724 3027 dictum
755 2975 796 3025 est
822 2977 934 3041 propter
988 2971 1139 3026 seminatur
1150 2969 1221 3041 (58),
1236 2975 1264 3024 et
1278 2969 1327 3025 Dei
1341 2975 1411 3024 nutu
1423 2966 1627 3040 quodammodo
1636 2965 1784 3022 elemento·

128 3053 248 3130 hosqui,
258 3057 335 3132 quasi
352 3057 423 3114 nibil
441 3058 566 3114 futurum
581 3067 651 3116 esset
665 3067 726 3132 post
737 3067 932 3128 mortem‚ven-
988 3077 1049 3117 rum
1065 3059 1219 3117 ministerio
1240 3059 1372 3115 vestitum
1386 3059 1514 3131 resurgit,
1530 3066 1606 3114 muta
1628 3071 1720 3113 secum
1735 3055 1784 3112 ha-

125 3149 164 3206 tri
179 3156 289 3205 tantum
317 3148 465 3206 studebant
493 3150 631 3223 quomodo
658 3165 756 3222 pecora
773 3149 841 3222 (Ιοα.
859 3165 931 3220 xxrr,
948 3185 969 3246 0
987 3153 1054 3210 bans
1068 3153 1238 3209 incrementa
1252 3151 1381 3206 utilitatis
1395 3147 1542 3215 hnmanae;
1560 3163 1610 3204 cur
1623 3163 1679 3204 nou
1693 3144 1785 3204 credi-

126 3237 200 3310 (13),
218 3238 289 3294 sieut
302 3247 328 3296 et
342 3237 362 3294 ii
377 3238 424 3312 qni
440 3238 601 3296 Corinthios
615 3237 812 3310 depravabant.
986 3245 1087 3301 bilesit
1101 3245 1151 3299 Dei
1167 3242 1271 3299 virtute
1286 3249 1426 3297 mortuum
1442 3255 1520 3312 posse
1528 3255 1679 3313 resurgere,
1691 3239 1784 3295 melio·

166 3332 258 3404 (Vers.
275 3331 333 3404 33.)
360 3357 369 3380 ι
396 3333 488 3390 Nolite
509 3331 614 3402 seduci,
639 3339 823 3406 corrumpunt
842 3349 932 3392 mores
986 3343 1042 3392 rata
1055 3343 1164 3393 tantum
1176 3333 1340 3400 substantia,
1353 3349 1410 3388 non
1419 3347 1537 3387 numero
1548 3330 1785 3404 multiplicatum?

123 3420 216 3477 honos
240 3421 379 3496 colloquia
406 3422 487 3478 mala.
508 3445 518 3470 ι
543 3420 687 3495 Significat
706 3422 930 3479 contabulatione
985 3425 1057 3494 Quid
1070 3441 1134 3498 crgo
1146 3424 1297 3497 requiritur
1311 3421 1345 3478 ab
1360 3421 1476 3490 infideli,
1493 3438 1548 3494 quo
1562 3435 1783 3492 corporcresur-

122 3509 266 3566 malorum
295 3509 441 3566 hominurn
467 3511 554 3566 everti
582 3527 660 3586 posse
688 3511 793 3567 bonum
808 3511 930 3586 proposi·
985 3523 1049 3588 gant
1064 3514 1177 3583 mortui,
1188 3529 1251 3571 cnm
1266 3513 1393 3585 exempla
1403 3511 1561 3585 praecedant
1576 3511 1634 3584 (59)
1651 3510 1685 3566 ad
1699 3509 1782 3566 iidem

119 3607 188 3656 turn
204 3599 283 3672 (st);
312 3601 458 3658 assiduitas
484 3601 558 3657 enim
584 3601 663 3675 pravi
693 3602 825 3675 colloquii
848 3603 930 3660 vitiat
984 3605 1055 3663 hane
1069 3605 1218 3662 meliorata
1230 3602 1449 3672 resurrectionis,
1465 3619 1521 3659 non
1535 3603 1642 3658 amisse
1658 3599 1782 3656 substan·

119 3695 260 3759 mentem,
284 3705 316 3747 ac
338 3706 387 3763 per
400 3690 453 3750 hcc
474 3691 508 3748 ab
523 3691 567 3748 bis
581 3691 747 3749 cavendum.
766 3691 929 3767 Quicunque
984 3696 1050 3752 tiae‘l
1065 3695 1136 3763 Quia
1148 3696 1291 3768 proprium
1310 3708 1409 3765 corpus
1421 3692 1546 3765 recipiet,
1564 3691 1593 3747 in
1609 3706 1663 3764 quo
1676 3698 1783 3747 creatus

120 3777 200 3836 enirn
218 3788 356 3852 acceptam
375 3779 458 3837 sidem
474 3781 613 3838 custodire
628 3781 699 3847 vult,
722 3781 843 3837 maxime
858 3781 930 3839 iuter
984 3792 1025 3841 est
1039 3786 1138 3855 Adam,
1150 3786 1233 3857 juxto
1250 3785 1376 3856 exempla
1390 3799 1472 3857 supra
1483 3783 1567 3840 dicta.

120 3867 182 3943 ipsa
198 3869 283 3926 initia
310 3871 497 3944 obstrepentes
525 3871 607 3930 debet
626 3873 725 3942 vitare,
745 3879 777 3928 ut
805 3871 928 3944 impleat,
1021 3875 1112 3948 (Vere.
1137 3875 1195 3944 39.)
1224 3875 1311 3930 «Non
1325 3873 1416 3929 omnis
1430 3890 1502 3942 caro,
1519 3871 1614 3928 eadem
1628 3887 1713 3929 caro:
1734 3869 1782 3926 sed

119 3959 200 4034 quod
220 3959 290 4015 utile
303 3957 449 4032 judicavit.
983 3963 1038 4020 alia
1055 3962 1165 4036 quidem
1190 3961 1322 4032 hominis,
1347 3963 1402 4019 alia
1422 3978 1488 4018 vero
1511 3959 1617 4035 pecoris
1629 3977 1635 4016 :
1649 3960 1704 4015 alia
1717 3975 1781 4015 caro

158 4057 259 4130 (Vere.
275 4055 334 4128 34.)
357 4057 510 4130 «Vigilate,
522 4057 591 4131 justi
607 4066 705 4130 estote,
724 4065 752 4116 et
767 4058 854 4115 nolite
868 4074 928 4131 pec·
984 4055 1151 4123 volatilium,
1162 4053 1288 4111 aliacaro
1304 4053 1431 4126 piscium.
1444 4051 1531 4110 »Cum
1542 4049 1679 4107 exeadem
1692 4063 1781 4104 massa

114 4162 222 4204 casea
238 4143 419 4216 vigilandum
434 4155 536 4217 monet,
555 4165 589 4206 ue
600 4149 838 4206 circumventione
850 4148 928 4222 pravi
983 4145 1073 4202 omnis
1087 4162 1150 4203 carc
1164 4146 1211 4215 sit,
1226 4144 1340 4202 undeet
1355 4144 1492 4218 quomodo
1507 4143 1536 4198 in
1549 4141 1591 4196 bis
1602 4145 1677 4195 tanta
1689 4138 1780 4195 diver·

115 4246 230 4292 sensus
257 4233 340 4302 capti,
365 4243 392 4288 et
408 4251 423 4288 a
450 4237 504 4291 lide
522 4237 633 4295 abducti
646 4237 839 4310 depraventur,
857 4255 929 4295 mor·
983 4234 1048 4291 sitas
1062 4243 1113 4304 est,
1133 4243 1164 4291 nt
1183 4251 1238 4291 nna
1258 4235 1381 4307 impensa
1407 4233 1508 4289 iaceret
1531 4245 1629 4304 genera
1643 4227 1781 4285 diversa?

116 4334 243 4383 tuorum
267 4323 498 4381 resurrectionem
525 4342 581 4382 uon
600 4328 746 4386 credendo.
762 4332 853 4388 luston
869 4347 928 4388 csse
981 4325 1081 4382 Dicant
1095 4341 1170 4382 nunc
1184 4323 1313 4396 sophistae
1329 4321 1461 4381 mundiet
1471 4326 1636 4378 scrutatores
1646 4318 1779 4388 siderum,

117 4414 269 4489 praecepit,
301 4421 331 4472 ul
355 4431 412 4472 non
442 4415 531 4472 solum
550 4423 687 4472 terrenam
700 4416 925 4488 justitiamexcc·
982 4415 1006 4470 ai
1023 4417 1117 4472 valent
1141 4412 1372 4487 comprehendere
1398 4429 1459 4486 qua
1487 4418 1566 4469 extra
1582 4414 1700 4478 sesunt,
1716 4423 1779 4466 cum

118 4505 197 4573 lant,
214 4503 261 4560 sed
276 4513 302 4561 et
314 4505 453 4562 coelestem
461 4522 469 4572 ;
485 4505 549 4578 quia
562 4511 672 4562 terrena
676 4503 784 4576 justitia
797 4509 924 4566 meritum
982 4505 1049 4579 qnid
1064 4505 1136 4561 intra
1150 4521 1178 4561 se
1189 4504 1235 4574 sit,
1250 4501 1382 4560 nesciant.
1400 4502 1524 4576 Denique
1536 4515 1632 4557 omnes
1646 4497 1780 4556 mundani

118 4611 182 4651 non
199 4592 277 4662 iacit,
292 4595 363 4650 sicut
381 4603 408 4652 et
421 4611 477 4652 non
491 4594 558 4653 iacit
571 4609 675 4651 resum.
692 4593 763 4662 Quid
777 4595 849 4652 enim
864 4555 965 4654 ma·D
982 4593 1344 4668 pbilosophi,qui1nentom
1361 4609 1438 4651 suern
1453 4591 1507 4663 legi
1520 4591 1571 4648 Dei
1588 4589 1781 4658 humiliarent

119 4701 212 4757 guum
228 4691 268 4740 est
283 4682 372 4742 aliena
386 4701 440 4742 non
457 4686 564 4755 tollere,
584 4685 687 4759 quippe
699 4701 762 4742 cum
778 4685 831 4744 hoo
849 4684 927 4744 timo·
982 4684 1064 4741 fidem
1087 4683 1147 4756 ejus
1171 4684 1351 4755 susciperent,
1374 4683 1534 4750 noluerunt,
1549 4679 1659 4737 diversa
1672 4695 1781 4752 semper

120 4773 161 4832 ris
177 4773 217 4831 sit
232 4773 293 4847 (55)
306 4774 320 4832 i
332 4775 459 4847 Magnum
475 4784 516 4834 est
530 4785 621 4834 autern
638 4773 672 4832 de
685 4775 799 4848 proprio
814 4791 871 4833 non
881 4776 926 4834 ba·
981 4781 1008 4831 et
1022 4773 1158 4831 contraria
1172 4780 1332 4842 asserentes,
1359 4771 1530 4828 inanissimis
1543 4767 1779 4844 disputationibus

120 4863 205 4922 beuti
225 4863 330 4936 largiri,
354 4861 413 4922 haec
427 4872 468 4921 est
482 4882 547 4922 vera
558 4864 678 4938 iustitia.
699 4865 735 4922 Et
748 4873 779 4923 nt
793 4882 850 4924 non
866 4883 925 4941 pec·
980 4864 1100 4922 invicem
1110 4879 1138 4918 sc
1153 4861 1355 4928 contuderunt;
1373 4861 1438 4935 quia
1452 4862 1481 4918 in
1496 4861 1574 4918 nullo
1588 4859 1689 4918 horum
1703 4857 1777 4918 testi-

119 4961 203 5023 cent,
222 4953 360 5026 subjecit;
384 4953 458 5011 unde
473 4955 590 5028 intelligi
612 4955 703 5012 voluit
718 4973 774 5014 uon
787 4957 924 5028 justitiam
980 4954 1066 5012 ficatae
1081 4953 1206 5010 veritatis
1222 4953 1331 5026 signum
1347 4953 1405 5023 (69)
1424 4953 1549 5024 agnitum
1562 4960 1614 5020 est,
1634 4951 1708 5025 quod
1724 4967 1779 5008 an-

120 5044 306 5120 temporalem
334 5045 496 5105 servandam
519 5047 669 5118 mandasse,
702 5047 750 5104 sed
778 5049 922 5118 divinam,
979 5044 1127 5118 tepnsiturn
1143 5043 1235 5099 verbis
1254 5042 1460 5100 commendaret
1475 5041 1640 5109 doctrinam,
1664 5039 1777 5098 sicutet

158 5183 224 5309 (53)
245 5183 377 5240 Nonnulli
392 5199 470 5250 mss,
493 5199 545 5236 non
563 5184 655 5308 oqerri
675 5183 776 5249 timui;
799 5191 826 5240 at
840 5185 922 5244 Corb.
978 5183 1071 5241 statim
1088 5190 1235 5255 vercpost,
1250 5182 1406 5266 Laud..,pr·o
1420 5184 1604 5240 elementorum
1618 5181 1774 5245 ministerio,
1840 5243 1850 5260 ι

120 5265 183 5312 turn
220 5271 284 5310 runc
308 5254 399 5312 locum
426 5255 465 5310 ita
488 5255 923 5326 contraiit,offerrirrcntimnil,
978 5256 1244 5312 exbibetclectcrnm
1263 5255 1421 5311 ministerio.
1554 5324 1560 5335 ·
1766 5319 1771 5330 1

119 5327 166 5380 aul
182 5333 209 5380 et
226 5327 334 5380 tidenter
348 5325 433 5382 bestiis
447 5343 474 5380 ae
485 5341 581 5396 passus
595 5333 641 5395 ost,
657 5335 708 5382 etc.
1015 5328 1073 5400 (59)
1094 5327 1156 5383 Vct.
1174 5325 1240 5382 edit.
1257 5333 1284 5382 ot
1301 5343 1365 5382 rnss.
1387 5325 1433 5382 bic
1447 5342 1480 5382 eo
1494 5323 1638 5392 dissident,
1654 5321 1728 5397 quod
1744 5319 1773 5376 ln

159 5397 225 5468 (tit)
247 5397 323 5453 Rom.
340 5395 920 5470 edit,evertiposschonorantproposition.
975 5399 1137 5470 praecedant,
1167 5398 1222 5453 illm
1246 5397 1632 5470 praedicuntprreseierunt;
1651 5395 1773 5474 stilum.
1810 5462 1812 5468 Ι

159 5469 226 5534 (55)
246 5467 327 5526 Cori).
343 5466 441 5535 cortex,
456 5468 551 5538 qnippe
565 5485 622 5522 ciero
637 5485 688 5522 non
703 5475 793 5526 temere
806 5472 845 5540 lit.
977 5471 1017 5526 sic
1032 5469 1123 5538 babet,
1147 5487 1206 5525 corn
1228 5473 1349 5542 esmnplu
1362 5467 1563 5525 resurrrectionis
1575 5465 1722 5546 prurircanl
1736 5467 1774 5540 fi-

160 5541 227 5605 (ἰὶῦ)
245 5541 307 5595 lise.
326 5539 409 5594 laud.
427 5539 867 5611 etVall,inlruoprmsenticitn.
977 5541 1035 5596 dem
1052 5543 1279 5598 buncnuliorotlr
1293 5541 1462 5596 incanuisse
1476 5539 1651 5615 assistentiae.¹
1722 5609 1726 5620 Ι

160 5611 227 5673 (57)
246 5611 324 5668 llum.
340 5609 419 5678 edin,
438 5610 484 5680 qni
499 5611 566 5666 inter·
580 5629 622 5666 ecs
636 5613 867 5668 conuersobmrtur.
1014 5613 1072 5685 (50)
1094 5613 1160 5670 Coti.
1171 5613 1268 5678 lualid,
1285 5613 1347 5683 quin
1359 5612 1386 5666 in
1401 5612 1475 5664 nullo
1486 5611 1581 5664 lrormm
1595 5605 1775 5678 testificatione

160 5682 227 5754 (58)
245 5680 337 5738 Codex
362 5681 605 5757 Corb.,preprr'um
635 5699 731 5756 eorpus
757 5684 920 5753 seminatum
979 5685 1096 5742 veritatis
1110 5685 1288 5756 signum,etc.
