4074 6178
284 311 354 373 tias

792 308 840 370 ab
860 311 977 370 OPERA
996 304 1025 369 S.
1046 303 1214 370 auaaosu
1232 301 1423 372 mannum.

1864 269 1942 372 siaa
2028 321 2029 338 ε

284 441 432 499 diebantur
448 438 640 498 Marcellianus
653 444 681 492 et
693 435 810 494 blarcus.
833 436 886 505 Qui
908 435 1080 495 Nicostratus
1096 439 1121 498 Α
1135 435 1323 507 abscederent,
1340 437 1473 494 dixerunt
1486 435 1512 494 ei
1528 435 1575 494 :Si
1589 434 1696 494 taddei
1710 435 1841 509 gloriam,
1857 453 1943 509 quarn

285 529 402 587 habebat
415 543 541 594 uxorem,
557 525 669 582 nomine
683 525 775 582 Zoen:
792 524 851 583 hec
860 536 923 584 ante
933 543 982 584 sax
993 543 1081 584 annos

285 617 456 692 agritudinis
474 613 617 671 nimietate
635 614 707 671 lacta
728 623 769 671 est
792 622 877 683 muta,
903 617 1082 689 prudentiam

284 715 374 763 minen
389 703 519 761 audiendi
532 710 559 759 et
574 703 746 776 intelligendi
761 721 818 760 non
832 706 922 761 solum
939 721 995 762 non
1016 705 1083 762 ami·

284 801 365 860 serat,
391 808 487 848 serum
512 793 594 850 etiarn
619 793 719 849 melius
738 809 819 866 quarn
845 795 921 866 prius
948 793 1084 852 habuerat

283 889 390 940 aurium
407 882 528 939 officium
543 881 694 938 obtinebat.
711 882 775 938 Hac
788 883 881 955 itaque
895 899 959 939 cum
977 885 1084 940 intelle·

283 973 368 1030 xisset
380 972 475 1028 omnia
489 987 549 1044 quae
564 971 596 1027 B.
612 970 787 1027 Sebastianus
800 971 919 1042 dixerat,
934 981 962 1029 et
975 981 1083 1030 tanturn

283 1061 377 1117 lumen
391 1061 466 1117 circa
481 1077 543 1116 eum
553 1060 683 1128 vidisset;
698 1077 816 1135 cumque
827 1077 923 1118 omnes
932 1063 1084 1120 tremefacti

283 1151 410 1208 miraculi
426 1161 538 1223 stupore
555 1159 723 1216 tenerentur,
740 1151 872 1208 innuebat
886 1168 969 1208 mauu
986 1151 1085 1208 onini-

282 1241 346 1308 bus,
361 1251 392 1298 ut
405 1241 483 1314 quasi
498 1240 683 1314 exprobrandi
702 1249 803 1307 essent,
817 1243 863 1314 qui
878 1249 934 1297 tam
958 1241 1084 1298 evidenti

283 1330 428 1388 assertioni
454 1345 510 1386 non
524 1329 676 1396 crederent,
692 1336 719 1385 et
733 1329 847 1402 genibus
873 1329 933 1402 ejus
953 1330 1085 1388 advoluta

284 1435 379 1492 rogare
393 1435 454 1474 eum
468 1434 600 1474 manuum
615 1418 728 1475 indiciis
743 1417 837 1491 coepit.
861 1418 914 1476 Sed
940 1420 968 1476 S.
996 1419 1085 1476 Seba-

283 1507 390 1564 stianus
405 1523 468 1564 curu
484 1506 591 1563 videret
603 1521 662 1562 eam
680 1505 771 1564 cordis
789 1515 893 1564 secreta
915 1507 1016 1581 linguae
1038 1525 1085 1564 eu·

1138 543 1279 600 uunquam
1301 527 1435 584 habueras
1457 525 1605 599 accepisti;
1632 525 1770 600 quomodo
1792 543 1844 582 noe
1859 543 1943 600 qnam

1137 615 1219 672 fidem
1241 633 1348 689 semper
1363 617 1397 674 ah
1418 616 1536 672 infantia
1558 615 1716 684 habuimus,
1739 615 1944 689 relinquentes,

1138 704 1190 761 tibi
1206 705 1341 778 passionis
1356 713 1455 761 nostrae
1469 705 1583 762 calicem
1598 703 1706 773 damus,
1725 719 1807 777 quem
1823 720 1877 760 uos
1891 705 1945 760 tibi

1138 793 1284 866 propinare
1307 809 1463 866 possumus,
1487 809 1545 850 non
1559 791 1685 850 donare?
1703 793 1789 850 Dives
1807 802 1852 850 est
1869 793 1944 849 enim

1139 882 1167 939 in
1180 882 1310 939 omnihus
1329 881 1467 952 Christus,
1487 891 1514 939 et
1529 883 1603 956 larga
1612 883 1747 940 ubertatis
1761 899 1820 940 suaa
1831 882 1944 939 adluen-

1139 971 1177 1029 tia
1205 971 1336 1027 omnibus
1363 970 1539 1027 uenientibus
1567 971 1682 1027 meliora
1713 971 1833 1028 exhibet
1863 988 1943 1044 quam

1139 1068 1259 1132 rogatur.
1276 1060 1305 1117 Si
1315 1061 1388 1118 enim
1399 1077 1463 1117 cum
1478 1060 1573 1117 essetis
1585 1059 1734 1128 increduli,
1748 1060 1891 1117 donatum
1905 1067 1944 1117 est

1140 1150 1219 1206 vobis
1235 1151 1328 1206 lumen
1345 1151 1469 1207 veritatis
1480 1166 1643 1223 agnoscere;
1660 1158 1764 1224 quanto
1781 1151 1873 1223 magis
1887 1169 1941 1208 cre

1139 1238 1269 1296 dentibus
1292 1239 1373 1296 vobis
1389 1239 1483 1296 omnia
1497 1255 1667 1313 quecunque
1679 1237 1737 1312 jam
1755 1241 1878 1313 poscitis
1891 1240 1945 1295 do-

1139 1327 1302 1386 nabuntur?
1317 1327 1418 1386 Divina
1429 1327 1504 1385 enirn
1518 1329 1665 1386 clementia
1677 1345 1788 1402 semper
1800 1339 1898 1402 parata
1907 1339 1945 1386 est

1140 1417 1220 1473 vobis
1230 1416 1361 1474 omnibns
1370 1419 1454 1491 gratis
1464 1425 1609 1490 praestare:
1626 1425 1654 1473 et
1668 1433 1700 1474 eo
1717 1435 1945 1494 unumquemque

1140 1505 1233 1577 gratia
1247 1523 1302 1562 suae
1317 1504 1390 1562 dono
1406 1506 1585 1580 multiplicat,
1602 1522 1747 1579 quomens
1763 1507 1823 1580 ejus
1838 1511 1944 1566 altioris

284 1595 424 1670 pressione
439 1594 577 1652 declarare
596 1611 653 1652 non
667 1613 754 1668 posse,
771 1611 866 1654 causas
880 1596 964 1670 hujus
979 1598 1083 1655 silentii
1139 1592 1205 1650 fidei
1219 1596 1372 1668 susceperit
1388 1612 1525 1653 normam.
1543 1596 1628 1652 Fides
1643 1597 1731 1670 igitur
1743 1605 1833 1654 restra
1847 1614 1866 1654 a
1882 1614 1945 1653 rna-

284 1694 489 1760 percunctatus,
503 1686 603 1743 didicit
617 1687 752 1743 sermonis
767 1687 809 1744 illi
825 1687 931 1761 copiam
955 1687 1042 1744 nimia
1057 1689 1086 1745 ri
1140 1683 1251 1755 gisterio
1266 1685 1384 1757 sumpsit
1405 1684 1564 1754 exordium,
1587 1693 1616 1742 et
1629 1686 1793 1761 omniaque
1816 1687 1946 1744 eruditio

284 1775 456 1834 infirmitatis
473 1775 603 1832 ablatam.
619 1776 697 1832 Tunc
709 1776 741 1832 B.
759 1776 935 1834 Sebastianus
948 1777 1039 1836 dixit:
1057 1779 1084 1835 Si
1099 1792 1122 1851 Β
1140 1774 1301 1831 annosavix
1316 1775 1432 1844 confert,
1448 1774 1537 1849 spatio
1550 1775 1634 1832 unius
1646 1774 1723 1833 horas
1735 1778 1857 1850 cepistis.
1876 1779 1947 1836 Nul-

284 1879 334 1936 ego
362 1879 445 1920 uerus
472 1863 576 1922 Christi
604 1881 700 1920 servus
725 1880 798 1934 sum,
823 1871 851 1922 et
879 1866 903 1922 si
929 1881 994 1923 vera
1019 1876 1085 1924 sunt

284 1952 378 2011 omnia
391 1969 452 2025 qua
468 1969 503 2008 ex
518 1969 564 2009 ore
579 1969 640 2010 meo
655 1953 714 2010 huc
723 1955 823 2011 mulier
831 1953 940 2012 audiuit
955 1963 982 2013 et
998 1957 1084 2013 credi·

284 2039 337 2112 dit,
347 2041 444 2115 jubeat
457 2041 593 2099 Dominus
607 2057 685 2100 meus
699 2043 777 2100 Jesus
791 2044 928 2114 Christus,
947 2054 979 2102 ut
992 2046 1085 2103 redeat

284 2129 320 2187 ad
339 2146 398 2188 eam
413 2130 535 2188 officium
557 2131 669 2205 linguar,
682 2140 710 2188 et
721 2133 825 2206 aperiat
843 2150 873 2190 os
886 2132 945 2206 ejus
961 2135 1009 2208 qui
1023 2151 1084 2208 ape·

284 2217 342 2276 ruit
356 2217 533 2276 osZachariae
549 2219 764 2291 prophetissam
787 2231 815 2279 et
836 2221 903 2278 fecit
919 2238 1030 2280 crucem
1054 2223 1084 2280 in

285 2324 316 2364 os
329 2306 398 2380 ejus.
414 2308 506 2380 Atque
522 2307 556 2364 ad
571 2308 642 2366 hanc
657 2326 752 2367 rocem
768 2310 796 2368 S.
812 2310 976 2381 sebastiani,
994 2313 1083 2370 excla·

285 2395 373 2452 marii
387 2397 487 2452 mulier
499 2413 567 2453 voce
582 2414 687 2471 magna,
701 2399 797 2457 dicens
811 2417 817 2457 :
834 2401 976 2458 marosas
993 2410 1034 2472 tu,
1057 2411 1085 2459 et

285 2485 448 2542 benedictus
460 2502 550 2544 sermo
562 2487 619 2543 oris
632 2487 673 2543 tui
688 2506 694 2545 :
711 2497 738 2545 et
753 2488 827 2546 beati
838 2491 885 2564 qui
899 2489 1018 2548 credunt
1036 2507 1085 2564 per

285 2583 313 2632 te
327 2573 468 2633 Christum
484 2575 586 2632 Filium
599 2576 649 2633 Dei
666 2577 734 2634 vivi.
748 2579 807 2652 ligo
824 2579 899 2636 enirn
920 2579 978 2636 vidi
995 2579 1084 2638 oculis

286 2663 356 2720 meis
370 2665 497 2736 angelum
508 2664 542 2721 ad
557 2674 584 2722 te
600 2666 756 2723 venientem
772 2669 806 2726 de
829 2668 909 2737 cmlo,
932 2676 959 2726 et
982 2669 1083 2726 librum

287 2760 350 2809 ante
365 2755 460 2811 oculos
473 2761 536 2812 tuos
550 2763 699 2826 tenentem,
722 2773 758 2814 ex
771 2758 852 2832 cujus
874 2759 992 2816 lectione
1015 2759 1085 2816 uni-

285 2859 364 2899 versa
378 2844 513 2902 sermonis
529 2845 571 2902 tui
586 2846 674 2902 oratio
686 2847 857 2906 decurrebat.
882 2848 1022 2908 benedicti
1036 2851 1084 2921 qui

285 2931 316 2988 in
335 2933 465 2992 omnibus
485 2950 546 3007 qua
573 2935 681 2993 locutus
700 2954 729 2994 es
746 2939 872 3008 credunt,
896 2949 923 2996 et
945 2942 1084 2998 maledicti

287 3021 335 3092 qni
350 3021 540 3079 dubitaverint
553 3023 597 3080 uel
612 3024 641 3080 in
655 3041 711 3082 nno
725 3026 810 3083 verbo
832 3044 868 3084 ex
889 3029 934 3086 his
955 3031 1086 3088 omnihus

286 3121 346 3179 quae
360 3109 524 3166 audierunt:
546 3111 676 3184 qnoniam
691 3113 763 3170 sicut
777 3131 876 3173 aurora
889 3121 1085 3190 superueniens
1102 3147 1124 3207 G
1139 3169 1156 3226 p

282 3199 426 3258 universas
436 3202 561 3261 tenebras
573 3205 663 3262 noctis
672 3207 805 3276 excludit,
815 3217 842 3265 et
852 3211 977 3268 omnium
992 3213 1082 3270 oculis

282 3288 386 3360 lumen,
398 3291 472 3365 quod
486 3309 544 3350 nox
553 3309 624 3352 caeca
637 3297 895 3369 negaveratreddit;
912 3300 951 3357 ita
966 3301 1015 3358 lua
1025 3318 1080 3359 ser·

281 3394 394 3436 monum
410 3389 521 3439 tuorum
534 3399 644 3442 omnem
658 3385 815 3459 caliginem,
826 3405 991 3464 omnemque
1005 3391 1081 3465 igno·

281 3469 378 3526 rantiae
387 3471 538 3528 cecitatem
548 3476 672 3544 extersit,
684 3483 711 3531 et
722 3475 810 3534 oculis
822 3486 894 3536 recte
908 3479 1079 3536 credentium

281 3571 407 3613 serenum
424 3567 485 3630 post
499 3561 591 3617 noctis
604 3561 732 3619 tenebras
752 3564 827 3620 diem
849 3565 991 3624 reddidit:
1007 3585 1022 3624 a
1038 3583 1080 3624 me

282 3651 444 3701 autemnon
465 3646 555 3702 solum
582 3649 785 3707 incredulitatis
803 3652 928 3710 tenebras
951 3656 1080 3727 exclusit,

282 3731 475 3789 verumetiam
503 3735 639 3793 sermonis
662 3737 716 3793 mei
739 3737 853 3810 ostium,
870 3740 943 3812 quod
964 3757 1013 3816 per
1035 3758 1081 3801 sex

283 3837 370 3878 annos
381 3820 504 3878 clausum
517 3830 586 3892 erat,
602 3825 740 3898 patefecit.

317 3910 361 3968 25.
377 3909 482 3968 Videris
496 3923 587 3971 autem
597 3914 779 3989 Nicostratus,
790 3918 835 3976 vir
847 3918 917 3993 eius,
929 3921 1002 3996 quod
1011 3930 1082 3980 esset
1158 3967 1163 3979 .

282 4007 357 4057 tanta
372 4001 462 4058 uirtus
476 4001 579 4061 Christi
600 4005 629 4062 in
645 4023 693 4062 sua
715 4024 802 4066 uxore
828 4011 975 4080 celebrata,
998 4013 1082 4086 cmpit

281 4089 399 4164 pedibus
418 4090 476 4164 ejus
490 4092 613 4165 advolvi,
635 4103 663 4153 et
685 4097 887 4171 indulgentiam
908 4108 1010 4176 petere,
1030 4119 1081 4177 pro

281 4178 335 4237 hoc
349 4180 422 4256 quod
435 4181 573 4256 imperiali
586 4192 614 4241 et
626 4186 799 4258 praefectorio
811 4185 890 4261 jussu
903 4189 1017 4249 Sanctus
1031 4195 1081 4252 Dei

280 4268 421 4329 habuisset
434 4273 463 4329 in
477 4273 598 4333 vinculis
614 4295 620 4334 :
637 4284 665 4334 et
683 4278 812 4337 auterens
826 4296 860 4336 cx
883 4281 1011 4340 manibus
1034 4300 1081 4340 eo·

281 4377 343 4418 rum
355 4364 458 4421 ferreos
477 4381 575 4435 nexus,
601 4383 688 4439 genua
709 4385 803 4426 eorum
822 4371 975 4442 amplexus,
999 4372 1083 4446 coepit

281 4465 376 4520 rogare
391 4460 421 4507 ut
435 4452 616 4525 dignarentur
634 4455 788 4526 abscedere,
813 4456 931 4516 dicens:
952 4459 975 4517 0
998 4477 1081 4534 quarn

280 4533 377 4595 beatus
399 4556 486 4596 essem
510 4541 534 4598 si
557 4559 606 4615 pro
628 4552 718 4601 vestra
742 4547 841 4604 mereri
866 4563 973 4620 possem
995 4549 1082 4608 salute

281 4627 435 4699 constringi
448 4629 453 4684 l
471 4629 597 4686 Forsitan
613 4633 755 4704 sanguinis
768 4633 822 4690 mei
836 4635 968 4693 effusione
982 4636 1083 4694 ablue-

282 4737 335 4791 rer,
344 4730 375 4780 ut
383 4731 499 4780 mortem
509 4726 586 4782 illam
598 4743 739 4800 paenarum
751 4739 913 4788 aeternarum
925 4733 1080 4805 evaderem,

283 4818 311 4873 et
325 4811 358 4874 ad
379 4811 456 4871 illam
480 4813 566 4870 vitam
586 4816 779 4889 pertingerem,
804 4835 886 4894 quam
910 4821 990 4880 nobis
1009 4823 1082 4879 Deus

281 4919 331 4978 per
345 4920 375 4960 os
389 4902 496 4961 domini
509 4907 564 4964 mei
589 4907 741 4966 Sebastiani
758 4912 933 4972 manifestare
952 4915 1082 4989 dignatus

281 5000 333 5050 est.

579 5111 693 5170 CAPUT
708 5115 781 5172 v111.

283 5209 455 5270 Marcelliani
474 5215 498 5266 et
512 5211 599 5270 Marci
622 5218 780 5283 ccurtnntic,
802 5217 888 5274 orcttb
910 5217 946 5275 cd
961 5219 1080 5292 neophy-

655 5309 704 5360 tos.

317 5403 361 5464 26.
377 5405 502 5482 Cumque
515 5416 622 5485 rogaret
635 5409 841 5470 Marcellianum
862 5421 889 5471 et
911 5413 1033 5474 Marcum
1048 5426 1080 5476 nt

318 5573 378 5648 (28)
393 5578 467 5660 Alii,
485 5579 522 5636 cd
533 5581 661 5653 quodiam
683 5583 805 5649 tendum
825 5583 885 5652 alii,
904 5584 941 5642 cd
962 5585 1079 5658 phitium

283 5647 386 5702 umbre
402 5650 480 5718 ,·aln,
496 5651 532 5707 cd
541 5653 654 5724 pradum
669 5655 781 5710 undae.

1141 1865 1168 1920 la
1184 1879 1233 1918 vos
1251 1863 1387 1919 memoria
1401 1871 1547 1936 parentum
1569 1863 1687 1936 impedit
1700 1865 1821 1924 credere.
1841 1867 1949 1925 Nullus

1141 1959 1241 2008 teneras
1255 1950 1345 2008 atatis
1355 1951 1384 2007 in
1393 1951 1467 2008 filios
1480 1959 1508 2010 et
1521 1960 1627 2008 vestros
1642 1960 1754 2010 mvocat
1768 1955 1895 2011 nutritus
1909 1956 1947 2012 al·

1140 2041 1238 2098 iectus.
1256 2039 1441 2098 Contemnitis
1454 2041 1547 2098 subito
1561 2039 1636 2115 quod
1649 2057 1759 2115 semper
1776 2044 1903 2114 amastis,
1920 2055 1945 2102 et

1140 2127 1264 2202 quaeritis
1275 2127 1349 2200 qnod
1368 2144 1510 2202 uunquam
1521 2128 1621 2186 scistis.
1636 2127 1688 2185 Per
1702 2129 1814 2202 ignaras
1830 2130 1943 2203 ingressi

1140 2216 1200 2274 rias
1214 2216 1307 2274 subito
1328 2217 1494 2290 pervenistis
1508 2217 1543 2274 ad
1559 2215 1713 2286 Christum,
1738 2226 1768 2274 et
1781 2217 1882 2276 animo
1892 2219 1944 2293 jan

1140 2310 1266 2369 intrastis
1280 2313 1392 2380 ooelum,
1413 2309 1478 2384 quia
1494 2311 1523 2366 in
1537 2318 1610 2368 terra
1623 2310 1735 2368 nullurn
1749 2310 1888 2368 solatium
1903 2329 1945 2368 re·

1140 2401 1276 2477 quisistis.
1287 2403 1310 2458 0
1322 2401 1539 2476 incomparabile
1550 2401 1615 2459 iacti
1625 2402 1798 2474 preconium
1811 2401 1819 2458 i
1836 2418 1855 2457 o
1869 2418 1943 2475 quau

1141 2491 1279 2550 imitabile
1294 2491 1408 2548 virtutis
1422 2489 1599 2564 exempluml
1616 2489 1746 2547 Nondum
1758 2507 1812 2547 ros
1827 2490 1944 2548 adChri·

1140 2587 1214 2638 atum
1231 2581 1303 2637 sacri
1324 2579 1498 2656 baptismatis
1512 2578 1588 2637 unda
1600 2579 1743 2654 perduxit,
1758 2579 1892 2636 nondum
1905 2597 1944 2654 per

1140 2668 1268 2737 tirocini;
1287 2669 1716 2744 initiamilitariasaltemisigna
1729 2669 1945 2744 sumpsistis3et

1137 2764 1195 2838 jana
1209 2781 1260 2838 pro
1274 2781 1340 2823 vero
1352 2767 1423 2840 llege
1438 2783 1514 2824 arma
1531 2766 1666 2840 arripitis,
1681 2775 1709 2825 et
1724 2768 1788 2840 ejus
1813 2769 1945 2826 militess

1140 2857 1253 2916 vinculo
1272 2858 1338 2914 ierri
1359 2859 1508 2932 solventes,
1525 2877 1577 2918 vos
1591 2859 1666 2935 ipsos
1679 2859 1828 2934 intrepido
1849 2860 1944 2935 optatis

1140 2964 1190 3022 pro
1204 2947 1362 3008 occidendis
1376 2949 1476 3008 occidi.

1175 3065 1220 3124 ai.
1240 3065 1310 3124 Cum
1332 3065 1392 3124 baec
1414 3068 1557 3126 audientes
1583 3084 1679 3126 omnes
1701 3069 1808 3143 pariter
1838 3073 1944 3129 dotibus

1157 3153 1327 3211 senitentiam
1356 3158 1500 3229 preterita
1532 3159 1718 3232 persuasionis
1750 3162 1938 3232 ostenderent,

1135 3241 1244 3300 Marcus
1257 3243 1297 3299 ait
1313 3261 1319 3300 z
1335 3245 1450 3315 Discite,
1466 3255 1592 3320 parentes
1607 3247 1777 3319 charissimi,
1796 3259 1828 3308 et
1843 3260 1937 3320 vestu,

1135 3347 1152 3388 o
1174 3329 1315 3405 conjuges,
1344 3331 1432 3391 discat
1451 3334 1553 3408 jugalis
1576 3336 1700 3406 allectus,
1724 3337 1868 3396 maenus
1888 3357 1938 3413 pu-

1135 3441 1217 3499 gnam
1237 3424 1352 3498 diaboli,
1376 3436 1404 3485 et
1421 3438 1517 3488 contra
1540 3447 1636 3489 omnes
1655 3432 1771 3506 sagittas
1789 3437 1935 3494 affectuum

1134 3519 1254 3576 carnalis
1265 3519 1396 3577 desiderii
1406 3522 1680 3594 clypeumrirtutum
1691 3539 1848 3597 opponere,
1863 3535 1935 3601 atquc

1136 3607 1208 3666 inter
1230 3609 1303 3668 acies
1326 3613 1466 3686 tyrannici
1487 3615 1625 3674 exercitus
1648 3615 1721 3674 besti
1749 3634 1810 3676 non
1836 3620 1934 3686 cedere,

1134 3698 1271 3756 dimicare
1295 3701 1397 3773 acrius,
1424 3705 1538 3778 gradum
1555 3714 1646 3764 tenere
1661 3706 1732 3781 (28),
1754 3716 1785 3766 et
1799 3712 1838 3770 ad
1854 3727 1933 3785 mgeu

1135 3788 1245 3846 fortiter
1272 3792 1427 3863 pervenire.
1455 3795 1604 3870 insurgant
1627 3807 1764 3872 quantum
1788 3801 1934 3870 volunt,rt
2028 3801 2029 3840 i

1135 3878 1251 3935 seviant
1263 3881 1396 3940 satellites
1419 3883 1587 3956 damonum,
1604 3894 1632 3943 et
1646 3887 1749 3961 quibus
1762 3891 1868 3947 volunt
1882 3907 1933 3965 pu-

1135 3983 1181 4024 nis
1195 3985 1311 4043 corpora
1330 3969 1467 4030 dilanient
1481 3983 1594 4045 uostra;
1611 3991 1711 4050 corpus
1725 3979 1862 4036 occidere
1877 3996 1935 4053 pos·

1136 4070 1211 4132 sunt,
1237 4063 1284 4121 sed
1308 4065 1431 4122 animam
1451 4068 1563 4126 uincere
1585 4084 1641 4126 nou
1664 4077 1784 4142 possunt
1801 4087 1858 4144 pro
1880 4071 1935 4128 fidei
2028 4069 2029 4126 f

1133 4159 1302 4230 pugnantem
1332 4155 1458 4212 veritate.
1488 4155 1671 4215 Gloriosioras
1694 4158 1806 4216 iaciunt
1841 4161 1935 4217 milites

1135 4242 1253 4299 vulnera
1266 4257 1316 4314 pro
1325 4243 1496 4317 imperatore
1510 4257 1635 4322 suscepta
1651 4266 1657 4304 :
1679 4247 1708 4305 in
1721 4247 1777 4307 hoc
1791 4252 1875 4308 enirn
1888 4251 1935 4308 dia·

1135 4327 1216 4386 bolus
1236 4330 1393 4402 tyrannidis
1416 4349 1472 4391 sua
1496 4334 1590 4392 furore
1613 4351 1688 4392 nunc
1709 4337 1804 4407 saevit,
1835 4339 1867 4395 in
1890 4353 1935 4412 quo

1136 4417 1271 4489 pravidet
1299 4423 1510 4492 perseverantiae
1540 4432 1637 4482 uestra
1664 4432 1771 4496 tropeo
1803 4443 1838 4485 se
1867 4442 1935 4501 pres·

1099 4507 1286 4580 Dtorqueri:
1312 4516 1339 4566 et
1366 4509 1428 4568 ideo
1451 4519 1590 4570 tormenta
1615 4513 1709 4583 infert,
1730 4530 1768 4572 ne
1793 4531 1863 4589 spes
1886 4517 1935 4589 ejus

1136 4605 1252 4670 pereat:
1278 4606 1396 4656 mortem
1419 4600 1551 4671 minatur,
1565 4609 1596 4658 ut
1616 4609 1735 4670 terreat;
1763 4606 1858 4663 sitam
1875 4624 1933 4681 pro-

1136 4685 1234 4754 mittit,
1249 4693 1281 4742 ut
1292 4687 1413 4760 eripiat;
1439 4690 1613 4747 maturitatem
1628 4691 1787 4764 pollicetur,
1802 4703 1840 4751 ut
1853 4697 1933 4752 tollrt.

1136 4773 1200 4831 llaec
1214 4782 1272 4830 tota
1287 4775 1355 4833 belli
1376 4776 1526 4848 calliditas,
1553 4779 1606 4838 boc
1622 4780 1726 4838 iraudis
1739 4785 1906 4853 consilium,
1922 4800 1935 4838 a

1135 4861 1279 4936 suppliciis
1303 4867 1408 4939 eripere
1429 4883 1531 4941 corpus
1553 4879 1580 4926 et
1601 4870 1679 4928 vitiis
1692 4871 1819 4930 animam
1841 4875 1936 4948 snbju-

1134 4971 1206 5028 gare.
1226 4957 1283 5014 Nos
1297 4974 1311 5014 e
1325 4966 1423 5015 contra
1436 4959 1636 5018 contendamus
1651 4961 1724 5019 hosti
1747 4979 1808 5020 non
1833 4966 1934 5032 abac.

1134 5062 1235 5119 corpus
1256 5054 1442 5118 contemnere,
1474 5049 1573 5108 animae
1601 5049 1760 5108 subuenire.
1788 5052 1851 5111 Cur
1869 5053 1936 5111 enirn

1134 5133 1279 5192 fortissimi
1305 5136 1389 5194 duces
1416 5137 1554 5196 militibus
1579 5137 1637 5212 (29)
1668 5140 1840 5199 miserrimis
1869 5151 1937 5213 targa

1133 5235 1306 5297 convertant,
1322 5229 1392 5285 etin
1407 5245 1439 5286 eo
1453 5229 1527 5286 bello
1541 5229 1681 5300 deficiant,
1707 5231 1737 5288 in
1751 5249 1810 5306 quo
1825 5241 1938 5306 possunt

1133 5337 1192 5380 esse
1206 5322 1349 5380 victores?
1372 5321 1424 5379 Vel
1446 5339 1500 5398 qua
1514 5321 1621 5381 ratione
1643 5323 1715 5381 mori
1737 5325 1875 5396 timeant,
1894 5327 1938 5400 qui

1133 5417 1225 5478 scium
1246 5416 1319 5476 banc
1342 5416 1464 5475 hominis
1485 5425 1613 5478 naturam
1628 5433 1696 5488 esse,
1719 5434 1779 5478 nou
1803 5418 1939 5493 paenam?

1169 5589 1229 5663 (29)
1248 5589 1305 5663 hl,
1325 5588 1407 5649 Darde
1420 5591 1526 5650 militer.
