4094 6182
125 361 175 422 333

656 353 836 414 conitiens.
857 355 892 414 tlt
910 355 1017 414 hulst.
1044 357 1068 414 Il
1087 359 1135 416 nn
1155 357 1232 418 uult.

1713 365 1764 428 tut

120 490 181 554 neo,
197 498 244 558 per
258 477 455 556 probationem
468 475 614 536 ministerii
629 476 723 550 hujus,
739 481 953 553 magnificae-A
1005 480 1094 554 (Vere.
1112 481 1152 554 i.)
1174 505 1184 530 ‹
1200 483 1275 554 llugu
1286 491 1376 544 etitem
1392 491 1422 542 ut
1437 499 1492 544 uun
1507 502 1626 559 presens
1645 485 1759 547 audeam

121 582 158 632 tes
170 574 256 630 Deum
269 569 297 626 in
306 567 478 642 subjectione
488 565 669 626 consectionis
678 569 810 628 vestraein
822 572 914 630 Euen-

120 661 184 736 gelio
200 658 322 726 Christi,
336 664 365 713 et
378 655 407 716 iu
421 653 594 727 simplicitate
609 656 870 716 communicationis
884 658 914 716 iu

119 751 189 814 illus,
210 755 239 804 et
259 746 383 820 ipsorum
406 743 541 802 orationes
555 743 615 818 (78)
630 761 680 820 pro
701 745 780 804 uubis
802 745 914 804 deside-

118 837 238 896 rantium
254 851 306 894 ros
320 833 418 902 uidere,
435 840 547 908 prepter
566 832 834 906 superabundantem
849 850 920 908 gra*

119 927 183 986 tiam
205 929 276 990 195
293 923 340 980 Dei
362 921 392 978 in
418 919 508 978 vobis.
533 919 627 980 Gratia
645 931 736 982 autem
758 925 814 982 lieu
833 939 915 999 super

119 1019 293 1080 inenarrabili
307 1017 383 1076 duno
396 1015 466 1089 eius.
482 1041 493 1068 ι
516 1017 574 1076 lluc
587 1017 656 1078 dicit
676 1019 741 1093 quia
755 1019 914 1093 quicunque

118 1117 242 1186 operetur
256 1123 303 1182 per
317 1107 520 1182 dispensatores
534 1107 601 1168 duni
622 1109 672 1168 Dei
686 1108 822 1185 hocopus
841 1109 914 1170 unde

118 1202 207 1274 gratim
224 1204 340 1272 agantur
352 1198 421 1266 Deo,
437 1196 472 1254 ab
487 1195 523 1256 iis
545 1197 594 1272 qui
609 1200 775 1258 neccesarius
789 1205 915 1273 sumptus

119 1288 257 1360 accipiunt
269 1285 320 1344 sub
334 1284 445 1344 uomina
458 1285 574 1358 Christi,
588 1302 646 1346 non
660 1289 831 1348 mendicitati
844 1291 914 1348 sub-

117 1378 191 1450 jecti,
207 1375 254 1432 sed
279 1375 345 1442 Deo,
358 1373 393 1430 de
411 1373 492 1448 cuins
515 1375 597 1434 bouis
610 1377 647 1434 ali
671 1394 700 1436 se
719 1386 822 1436 norunt
838 1397 844 1434 :
858 1395 913 1436 nun

121 1475 220 1522 tarrturn
236 1463 271 1520 ab
285 1463 326 1520 eis
341 1461 435 1535 gratia
450 1462 508 1522 illis
516 1464 683 1535 referuntur,
699 1461 747 1524 sed
766 1483 782 1522 a
800 1465 914 1540 reliquis

120 1554 258 1622 iratribus,
272 1553 322 1626 qui
337 1568 386 1626 pro
401 1551 447 1608 hia
465 1551 566 1626 gratias
585 1561 667 1627 agant
688 1555 755 1624 Deo,
769 1571 914 1612 cummen-

117 1643 207 1700 dentes
222 1641 328 1698 iactum
342 1639 464 1715 ipsorum
480 1643 612 1712 Dumium
625 1651 658 1699 ut
676 1644 770 1716 paucis
784 1641 915 1701 tribuen-

118 1744 161 1804 tes,
178 1733 332 1792 inultorum
353 1731 589 1792 obsecrationibus
603 1735 660 1791 Deo
674 1733 912 1794 commendentur.

970 584 1017 639 per
1031 584 1090 625 eam
1113 568 1251 636 fiduciam,
1268 586 1322 643 qua
1344 571 1488 629 existimor
1508 574 1606 630 audere
1632 575 1661 632 in
1685 592 1764 649 quus·

970 657 1043 730 dam,
1063 659 1110 734 qui
1124 657 1292 718 arbitrantur
1307 675 1357 718 uos
1369 662 1520 722 seeundum
1534 679 1642 720 carnem
1661 664 1764 722 ambu-

969 745 1036 806 lare.
1052 771 1063 796 s
1084 746 1160 806 ldeur
1175 763 1270 816 sensus
1285 755 1334 817 est,
1351 765 1431 822 quem
1444 761 1475 810 ut
1489 751 1631 822 dilucidet,
1646 756 1761 828 repetit;

969 835 1116 894 eratenim
1138 845 1169 894 nt
1184 837 1249 896 tales
1266 837 1329 896 illus
1344 838 1476 908 inveniet,
1491 857 1524 897 ne
1539 849 1651 913 cogatur
1673 843 1762 912 irasci,

969 923 1016 980 sed
1031 932 1062 982 ut
1083 926 1234 999 requiescat
1249 941 1312 984 cnm
1335 926 1384 984 eis.
1405 927 1457 984 llic
1478 944 1542 1000 ergo
1557 929 1674 1000 operuit,
1690 930 1764 1003 quud

969 1027 1050 1086 snpra
1063 1013 1229 1086 significavit
1243 1023 1269 1070 ot
1279 1013 1405 1074 adhucin
1415 1014 1546 1088 subjectis
1558 1018 1666 1088 plenius
1677 1019 1763 1076 mani-

969 1099 1059 1169 lestat,
1074 1101 1145 1160 lrnrrc
1163 1117 1221 1158 essu
1244 1103 1448 1173 considentium,
1470 1121 1550 1177 quem
1573 1106 1619 1162 hic
1634 1105 1762 1165 fiduciem

969 1189 1123 1260 dixisdaie
1135 1191 1193 1264 (80)
1209 1192 1262 1248 sibi
1278 1193 1419 1266 potestatis
1433 1211 1448 1248 a
1463 1194 1583 1263 Christo,
1599 1195 1676 1266 cujus
1691 1196 1762 1254 rica·

969 1277 1026 1336 rius
1041 1287 1095 1346 cst,
1112 1289 1143 1337 ut
1154 1279 1275 1336 uindicet
1289 1281 1317 1336 in
1333 1281 1449 1355 eosqui,
1467 1281 1518 1338 suh
1532 1284 1643 1339 nourine
1659 1284 1762 1342 Christi

969 1374 1089 1438 agentes,
1117 1383 1173 1423 nun
1200 1367 1364 1437 obaudiunt,
1392 1378 1423 1425 ut
1449 1369 1586 1441 corrigent
1609 1370 1638 1425 in
1664 1370 1763 1442 quihus

970 1455 1219 1528 reprehenduntur.
1231 1458 1287 1514 llos
1300 1457 1369 1514 dicit
1383 1456 1430 1530 qui
1445 1473 1500 1514 non
1513 1457 1670 1528 recipiendo
1684 1458 1763 1530 spiri·

970 1544 1045 1612 talia,
1066 1561 1125 1617 qum
1143 1545 1177 1602 ab
1192 1547 1324 1617 Apostolo
1341 1544 1513 1614 dicebantur,
1529 1545 1570 1604 sic
1585 1561 1647 1602 euin
1662 1547 1764 1604 existi·

969 1631 1091 1702 mebant,
1105 1634 1184 1708 quasi
1207 1635 1327 1694 carnalia
1341 1637 1510 1708 loqueretur,
1530 1650 1590 1707 quur
1605 1634 1763 1707 recipienda

969 1736 1024 1778 non
1037 1731 1136 1780 essent.
1153 1722 1309 1782 ldeudicit:
1326 1724 1591 1790 «Quiaarhitrantur
1604 1740 1654 1780 nou
1668 1741 1762 1782 secun·

118 1824 262 1881 Probeutes
285 1820 361 1879 enim
378 1828 497 1879 mentem
521 1838 617 1880 eurum
632 1823 662 1879 in
683 1822 737 1880 huc
750 1839 842 1896 opere,
858 1839 913 1880 ma·
931 1807 1036 1904 Bdlffl
1049 1825 1158 1868 timim
1168 1811 1326 1879 ambulare;
1341 1835 1351 1862 ²
1367 1810 1487 1885 (illidii
1500 1810 1604 1884 ‘iiiiiit
1618 1811 1761 1884 Silliidliis

121 1911 248 1985 guiduam
263 1911 293 1966 in
312 1909 352 1967 eis
370 1908 532 1980 Dominum,
547 1910 627 1984 cnjus
648 1926 696 1986 spe
714 1911 828 1981 firmati,
845 1910 915 1969 ohe-
969 1905 1049 1970 liiii
1062 1898 1112 1956 1¹¹³
1122 1899 1244 1958 (tamilla
1259 1897 1330 1971 (81).

119 1999 197 2055 diunt
213 1997 362 2070 Evangelio
377 1996 482 2056 Christi
500 1999 531 2055 in
554 1997 725 2071 subjectione
739 1999 840 2057 mentis
857 2019 863 2058 :
879 2015 914 2062 ne

122 2087 208 2144 uelint
224 2103 270 2144 eoa
283 2085 333 2142 sibi
349 2084 504 2156 humiliari,
519 2094 551 2143 ut
564 2087 703 2162 prebeant
718 2104 778 2164 qum
793 2103 912 2146 necessa·

119 2175 155 2230 rie
169 2181 238 2231 eunt
250 2173 361 2231 sanctis.
377 2173 414 2230 Et
436 2173 490 2232 hoc
503 2175 557 2231 erit
576 2174 605 2232 in
621 2176 800 2250 simplicitate
814 2177 913 2250 gratias

118 2282 189 2338 agera
214 2263 478 2322 communicationis
500 2265 623 2336 illorum,
639 2267 861 2326 commendantes
884 2286 913 2326 sc

117 2353 286 2412 orationibus
300 2353 412 2411 illorum
428 2362 455 2411 et
469 2353 612 2413 desideriis
627 2371 732 2413 eorum.
749 2357 817 2425 Quis
839 2356 912 2414 enim

118 2459 165 2500 nou
186 2442 287 2515 cupiat
301 2441 389 2499 oculis
403 2439 497 2499 videre
511 2444 719 2504 heremitalibus
733 2445 790 2502 suis
805 2453 914 2518 propter

118 2533 161 2590 Ilei
173 2547 283 2590 nomen
296 2529 458 2604 subjectus?
475 2533 601 2605 Denique
612 2534 662 2589 Dei
676 2534 748 2591 dona
762 2543 911 2605 uocantum

120 2622 167 2678 neu
176 2621 257 2678 enirn
271 2619 328 2688 dat,
344 2622 391 2694 qui
401 2620 445 2678 his
459 2621 608 2690 ministrat;
625 2622 690 2694 quia
699 2621 830 2696 quijuhet
842 2623 913 2696 lieri,

120 2711 162 2784 ipsi
185 2712 348 2783 imputatur
368 2709 443 2783 quud
466 2709 557 2767 datur.
581 2709 687 2767 Gratias
701 2715 793 2768 autem
809 2713 865 2768 lieu
883 2713 913 2769 in

119 2799 298 2873 litigemus,
313 2807 340 2856 et
362 2814 444 2872 super
466 2797 602 2856 ineiiahili
626 2799 700 2856 duno
716 2799 784 2872 ejus.
799 2800 913 2858 vDonum

119 2891 181 2946 erim
202 2887 268 2960 (79)
282 2886 332 2943 liei
345 2893 395 2956 est,
417 2887 490 2961 quod
505 2887 602 2948 incitat
615 2887 742 2946 homiues
756 2887 791 2946 ad
808 2889 913 2947 bonnm

119 2995 190 3051 upus;
215 2991 280 3048 spes
294 2973 369 3032 enirn
392 2975 527 3048 promissa
547 2976 657 3040 lacessit
673 2975 708 3033 ed
728 2976 913 3040 ministerium

118 3083 188 3142 supra
207 3063 330 3122 dictum.

425 3170 540 3230 CAPUT
557 3171 595 3232 X.

1006 1986 1097 2060 (Vere.
1107 1987 1148 2060 3.)
1164 1989 1250 2045 ‹Nern
1266 1987 1296 2046 in
1310 2002 1392 2048 carue
1405 1986 1589 2056 ambulantes,
1603 2004 1659 2046 nun
1669 2005 1762 2047 secun·

971 2076 1036 2136 dum
1049 2093 1159 2136 carnem
1175 2079 1358 2138 militamus.»
1380 2081 1438 2138 lloc
1450 2090 1501 2149 est,
1512 2081 1541 2138 in
1555 2097 1667 2152 corporo
1681 2082 1763 2154 positi

970 2166 1281 2240 spiritalitcrvivimns:
1299 2167 1630 2239 spiritaliterenimvivit,
1643 2170 1763 2242 quiiacit

970 2254 1043 2327 quod
1057 2255 1145 2327 placet
1155 2259 1221 2314 Deo.
1234 2256 1358 2330 llieergo
1368 2257 1518 2315 secuudum
1532 2273 1640 2314 cernent
1650 2258 1761 2327 militat,

970 2345 1017 2418 qui
1030 2345 1174 2402 desideriis
1189 2347 1279 2404 carnis
1293 2345 1479 2418 obtemperat;
1493 2347 1584 2402 unrnis
1598 2346 1672 2402 enim
1687 2334 1774 2404 error}

970 2443 1032 2486 caru
1047 2429 1157 2489 dicitur.
1172 2431 1282 2490 Christo
1295 2439 1387 2490 auem
1401 2433 1458 2506 ipse
1468 2431 1580 2500 militet,
1593 2432 1640 2506 qni
1649 2432 1763 2489 obaudit

970 2523 1039 2588 eiin
1054 2525 1107 2584 lide
1123 2535 1150 2584 et
1163 2527 1319 2602 disciplina.

1006 2617 1146 2690 (versu.)
1160 2620 1341 2676 «tumuerim
1356 2619 1633 2676 militimnustraenun
1643 2618 1763 2676 carnalia

970 2712 1045 2776 sunt,
1055 2705 1103 2763 sed
1114 2707 1195 2764 fortia
1209 2709 1297 2764 lieu.»
1314 2705 1377 2764 ldeu
1390 2706 1483 2773 iurtia,
1504 2707 1570 2780 quia
1585 2707 1759 2780 incurrupte;

971 2798 1063 2858 omnia
1077 2799 1150 2856 enim
1165 2800 1286 2856 carnalia
1298 2807 1427 2870 coempta
1443 2805 1516 2856 suut.
1528 2801 1759 2872 Aruraurpoideo,

970 2887 1035 2960 quia
1048 2894 1201 2960 repugnant
1215 2887 1302 2956 vitiis,
1318 2889 1427 2959 signum
1447 2886 1576 2944 habentia
1591 2888 1762 2960 imperaturis

970 2977 1013 3036 sui
1030 2978 1143 3047 Christi,
1159 2978 1207 3052 qui
1220 2979 1306 3036 hostis
1319 2986 1360 3036 est
1372 2977 1514 3045 vitiorum;
1530 2977 1690 3033 sicutenim
1706 2978 1763 3032 iur-

971 3075 1078 3141 peratur
1091 3084 1139 3140 per
1153 3067 1256 3124 milites
1269 3085 1333 3124 snos
1343 3065 1466 3126 vindicet
1480 3083 1560 3123 suum
1575 3081 1687 3138 regnum
1703 3083 1708 3122 :
1725 3065 1763 3120 ita

930 3188 953 3252 G
971 3164 999 3214 et
1016 3157 1142 3214 Salvator
1155 3173 1203 3232 per
1222 3172 1272 3213 nus
1286 3171 1380 3213 servus
1399 3171 1464 3216 suus
1479 3154 1602 3211 delendit
1616 3154 1700 3211 unius
1713 3153 1762 3210 Dei

144 3267 520 3346 tuen.t.)·1pseautem
544 3285 594 3343 ego
613 3267 715 3330 Paulus
733 3267 846 3328 obsecro
864 3282 914 3330 uua
968 3244 1165 3318 9¹⁰f⁰⁸⁸i⁰¹¹⁰ffl
1180 3245 1403 3356 ‘'idiffl'i’lfflisfl·
1549 3341 1578 3355 ..
1744 3339 1750 3352 Ι

112 3377 154 3435 pur
174 3358 425 3420 mansuetudinem
449 3366 477 3418 et
497 3357 658 3418 modestiam
682 3359 796 3430 Christi,
812 3361 860 3434 qui
879 3359 914 3418 ad
1004 3343 1096 3416 (Vens.
1112 3343 1154 3415 d.)
1177 3343 1466 3402 ‘Addttifflcifflsstm
1479 3350 1677 3410 mulnitfflissffl,
1691 3357 1763 3412 003¹·

113 3449 201 3508 laciem
229 3447 341 3522 quidem
357 3445 472 3506 humilis
485 3463 547 3506 sum
562 3449 592 3506 in
615 3447 695 3506 vobi,
714 3467 720 3508 ;
737 3448 834 3506 absens
849 3465 914 3508 pem
969 3432 1428 3501 tationesdestruentes,etomneur
1445 3431 1762 3490 altinottnemrxtollou·

113 3539 228 3596 confido
244 3536 274 3593 in
293 3534 406 3594 vobis.»
428 3535 486 3596 Hos
506 3543 556 3606 est,
577 3535 651 3612 quod
664 3550 740 3594 nuno
756 3535 915 3609 ffi01t‚quja
969 3529 1024 3579 turn
1039 3539 1067 3580 se
1076 3523 1206 3580 adversus
1222 3522 1407 3595 cognitionem
1425 3523 1509 3577 liei.»
1531 3524 1615 3576 Arma
1629 3518 1763 3591 spiritulia

111 3627 168 3684 talis
187 3632 239 3686 est
253 3623 362 3694 absens,
374 3624 464 3700 qualis
476 3632 504 3682 et
516 3639 645 3700 presens.
659 3624 715 3684 Nec
728 3623 802 3684 euim
817 3624 915 3688 humi.
969 3609 1037 3669 ssdus
1051 3618 1092 3670 est
1118 3611 1285 3685 incorrupta
1310 3611 1523 3686 predicationis.
1541 3611 1592 3665 Per
1613 3609 1672 3664 huuc
1693 3609 1765 3663 Deris

111 3715 141 3772 lis
152 3725 218 3774 erat
237 3713 272 3770 ad
292 3713 389 3772 faciem
399 3713 558 3772 adulatione
571 3721 618 3774 aut
637 3713 808 3789 subjectione
821 3713 914 3776 alicu·
969 3699 1058 3758 lissssii
1073 3699 1209 3773 lililissil0⁸
1222 3707 1249 3757 ii
1263 3705 1421 3772 Ρῡῖθῦῑθῑθθ,
1440 3715 1509 3771 ‘limi
1532 3703 1638 3754 ⁰0¹¹⁵i³i
1662 3703 1693 3751 ut
1712 3695 1764 3752 Sibi

111 3805 151 3878 jus
171 3807 230 3876 rei,
241 3806 291 3882 qui
305 3806 486 3866 constantiam
501 3822 576 3864 suain
592 3807 633 3865 sic
647 3805 795 3877 zelabatur,
809 3814 841 3866 ut
859 3806 915 3866 ali·
969 3797 1102 3863 milleni
1117 3789 1381 3863 imittissfflstxwlii
1393 3797 1490 3844 tinisa
1504 3787 1586 3842 fidem
1598 3786 1712 3854 Clss'isih
1723 3803 1764 3841 00·

113 3895 226 3966 quendo
249 3893 333 3954 etiam
348 3910 363 3950 s
377 3893 462 3954 licitis
477 3901 650 3970 temperares,
670 3911 705 3954 ne
723 3895 913 3958 inclinaretur,
970 3879 1151 3953 gitatiunihus
1164 3895 1194 3936 se
1206 3879 1351 3936 hominurn
1368 3877 1529 3944 inserentes,
1545 3884 1576 3933 ut
1591 3883 1706 3932 as'uccut
1720 3892 1765 3930 eos

110 3982 186 4042 Unde
203 3981 277 4038 dicit
292 3981 320 4038 in
333 3981 386 4038 ulia
396 3983 529 4058 epistole:
549 3983 660 4042 «Omnia
674 3983 745 4042 mihi
757 3983 851 4054 licent,
866 3983 915 4044 aad
969 3970 1048 4026 elici
1066 3973 1136 4031 196
1150 3968 1285 4036 dominio,
1304 3984 1372 4042 quat
1388 3967 1568 4040 cogitationes
1582 3966 1699 4022 destruit
1713 3980 1766 4019 vt-

107 4087 155 4142 030
170 4070 232 4126 sub
247 4069 350 4126 ”uilius
374 4069 481 4144 redigar
504 4077 653 4144 potestate.
676 4074 745 4134 usca
774 4073 876 4142 ventri,
888 4080 915 4136 et
970 4069 1037 4126 ritas
1049 4067 1123 4126 ndei.
1140 4069 1307 4126 hluuitiunes
1322 4085 1385 4140 ergo
1400 4067 1538 4140 principes
1553 4065 1621 4120 dicit
1640 4074 1666 4118 et
1685 4070 1765 4133 pote-

106 4167 217 4214 rentur
246 4157 313 4210 escis
330 4176 335 4210 :
351 4159 424 4214 Deus
451 4165 541 4216 autem
568 4161 643 4218 hunc
667 4169 695 4222 et
720 4163 770 4220 hus
793 4162 916 4224 destruet
970 4163 1061 4226 etates,
1075 4166 1102 4216 et
1126 4159 1260 4230 spiritalia
1284 4158 1425 4230 nequitiae,
1451 4155 1498 4229 qui
1526 4171 1553 4210 se
1574 4152 1723 4218 extollunt,
1739 4160 1765 4207 et

105 4249 138 4318 (1
158 4245 236 4300 Cor·
252 4255 291 4306 Vl,
308 4242 351 4310 Η,
366 4245 447 4314 13).»
467 4245 531 4302 ldeu
550 4264 613 4318 ergo
633 4248 728 4307 absens
746 4251 913 4321 obsecratur,
971 4255 1078 4304 armatu
1092 4247 1247 4304 infidelium
1264 4247 1371 4303 animus
1384 4244 1419 4301 ad
1435 4240 1676 4300 contradicendum
1689 4241 1765 4297 Chri·

105 4343 131 4390 et
143 4327 325 4390 urridestiem
340 4327 444 4386 Christi
462 4331 627 4406 interponit,
644 4352 677 4391 ue
690 4354 806 4408 presens
820 4338 915 4397 durior
971 4344 1012 4393 stu
1027 4344 1142 4394 :contra
1158 4351 1226 4410 quus
1243 4342 1347 4408 pugnat
1361 4332 1410 4389 llei
1427 4332 1482 4398 lex,
1498 4329 1634 4401 dissipans
1648 4330 1764 4386 consilia

109 4418 284 4478 inveniam
298 4432 379 4474 ΜΝ
394 4418 519 4476 limium
542 4435 648 4489 eurum,
664 4439 743 4494 quem
757 4429 838 4484 estin
852 4429 917 4502 epi·
971 4437 1074 4482 eurum.
1092 4427 1146 4482 ·Et
1157 4423 1186 4482 in
1196 4423 1383 4497 captivitatem
1395 4419 1550 4493 redigentes
1564 4434 1673 4494 nulnum
1689 4419 1767 4476 intol-

107 4511 203 4578 stula;
223 4514 259 4563 ut
271 4515 468 4581 componentes
487 4523 527 4579 se,
541 4509 592 4584 qui
611 4509 701 4567 adhuc
722 4528 777 4570 nun
794 4518 916 4576 emenda·
931 4545 956 4606 D
971 4517 1083 4585 lectum,
1099 4524 1125 4574 et
1139 4514 1319 4588 perducentes
1334 4512 1368 4569 ad
1383 4511 1568 4569 obedientiam
1584 4509 1687 4567 Christi
1696 4511 1766 4581 (82).

111 4606 228 4667 rerunt,
260 4596 401 4654 mollirent
423 4599 479 4658 sibi
506 4598 625 4674 rigerent
649 4601 776 4673 Apostoli
792 4614 841 4660 :ut
862 4623 917 4664 mu·
971 4605 1100 4678 Captivat
1126 4606 1308 4672 intellectum,
1331 4601 1397 4658 dum
1413 4600 1647 4658 contradicentem
1663 4599 1768 4652 ratione

113 4691 229 4748 deratus
246 4698 295 4744 eus
305 4687 459 4758 inveniens,
474 4703 567 4763 pressa
581 4690 727 4748 severitate
736 4691 873 4750 letaretur
888 4695 917 4753 lu
971 4694 1075 4753 uincit:
1094 4694 1168 4751 etad
1186 4693 1268 4751 fidem
1284 4691 1398 4757 Christi,
1413 4690 1457 4746 cui
1470 4689 1546 4761 prius
1561 4693 1768 4760 repugnaverat,

112 4781 158 4836 eis.
176 4775 389 4838 confidentiam
404 4778 495 4852 itaque
509 4778 640 4838 liduciam
655 4780 810 4840 severitatis
825 4783 916 4856 signi·
971 4782 1104 4840 humilem
1120 4790 1147 4838 ut
1161 4788 1336 4838 mansuetum
1352 4778 1470 4834 inducit.

113 4869 219 4936 licerit,
240 4879 324 4938 quarn
340 4865 409 4924 sorte
424 4866 452 4922 iu
467 4868 583 4940 epistula
601 4878 710 4928 mutum
725 4869 826 4929 hahere
840 4882 916 4952 puta·
1007 4872 1097 4945 (Vere.
1115 4869 1155 4942 6.)
1178 4893 1187 4916 ι
1201 4870 1237 4924 Εῑ
1251 4867 1338 4940 parati
1357 4866 1387 4922 in
1403 4865 1533 4922 omnihus
1548 4863 1690 4922 vindicare
1704 4883 1770 4922 um-

115 4955 205 5024 tatur,
234 4971 291 5010 nun
319 4963 411 5011 tamen
436 4971 555 5027 presens
577 4957 663 5024 lucie,
684 4959 749 5031 quia
775 4959 805 5017 in
828 4961 917 5035 prima
971 4977 1034 5018 nem
1053 4957 1281 5024 inobedientiam,
1301 4971 1365 5012 cunr
1385 4955 1498 5027 impleta
1520 4955 1603 5010 luerit
1627 4955 1770 5012 obauditio

117 5045 236 5116 epistola
256 5059 377 5112 serame,
394 5051 421 5100 et
441 5042 524 5100 ulmis
541 5044 647 5118 rigidus
665 5044 776 5104 uidetur
790 5065 798 5118 ;
814 5057 841 5104 at
853 5051 916 5108 ideo
971 5057 1070 5108 vestra.
1087 5075 1096 5096 ι
1118 5048 1295 5106 hlanilestum
1310 5051 1351 5102 est
1375 5045 1440 5117 quie
1464 5044 1588 5101 vindicat
1604 5043 1769 5099 inobedien-

116 5141 278 5192 cururuunet
292 5149 327 5190 ne
340 5131 435 5189 eadem
450 5132 593 5190 severitate
606 5137 916 5207 praesensutatur,eicut
971 5138 1050 5206 tiam,
1065 5152 1128 5195 cum
1143 5135 1220 5192 illum
1245 5133 1411 5190 condemnat
1432 5149 1479 5206 per
1498 5131 1680 5188 obedientium
1700 5131 1768 5202 (83),

121 5239 172 5280 ²⁰¹1
187 5221 350 5296 sliurabaut.
971 5235 1038 5285 tuuc
1051 5225 1128 5283 illam
1144 5225 1297 5292 destruens,
1311 5222 1421 5297 quando
1435 5239 1481 5278 eos
1491 5223 1538 5294 qui
1554 5219 1696 5286 resistunt,
1705 5235 1770 5290 por-

151 5333 211 5404 tte)
230 5333 314 5388 Rom.
331 5329 408 5400 edit,
431 5329 620 5388 communionis
641 5332 776 5388 uestroiu
797 5331 877 5406 ipsos,
892 5341 917 5392 et
1018 5333 1051 5391 et
1081 5333 1131 5390 lis.
1148 5331 1241 5400 Curb,
1255 5330 1391 5403 pittutitli
1405 5329 1529 5385 coerratici
1546 5329 1658 5407 plaeere.
1745 5393 1750 5403 Ι

123 5401 266 5480 estraines,
283 5409 306 5456 et
324 5403 352 5456 iu
368 5403 487 5476 ipsorum
500 5402 630 5471 oratioue,
645 5408 697 5459 etc.
1018 5404 1053 5461 82
1080 5406 1158 5461 Rom.
1177 5405 1256 5472 edit,
1273 5404 1430 5458 irttetlecteuc
1443 5402 1479 5456 ud
1498 5400 1667 5480 obedentiam
1685 5393 1769 5446 Cluu-

153 5475 212 5556 (79)
230 5475 312 5532 llum.
329 5473 406 5543 edit,
434 5473 529 5530 &eliu
550 5479 637 5531 ouem
657 5473 916 5552 Deeeupera'ueffo-
969 5475 1013 5532 sti.
1031 5476 1154 5548 Coptiout
1183 5476 1350 5531 intellectum.
1368 5476 1404 5528 At
1430 5478 1561 5528 continuo
1594 5461 1771 5539 posthabetur

124 5541 164 5598 hili
176 5547 261 5600 dorso.
278 5545 384 5600 Ducum
397 5544 476 5613 euim,
492 5551 544 5602 etc.
970 5547 999 5602 in
1013 5547 1074 5604 cod.
1091 5547 1165 5616 Vah,
1182 5547 1246 5602 dum
1259 5545 1427 5607 curstrudicit,
1442 5543 1504 5595 ditm
1533 5536 1658 5590 ruituros
1677 5535 1768 5596 t'ttcuii.

156 5615 214 5688 tau)
233 5615 367 5676 Nonnulli
386 5631 463 5688 mue„
490 5615 556 5676 huuc
578 5631 630 5676 etue
647 5617 832 5692 confidentium
844 5618 916 5676 dtett
1006 5617 1064 5689 (83)
1079 5617 1141 5673 Vet.
1158 5617 1224 5673 edit.
1241 5634 1273 5673 ac
1298 5631 1361 5672 mss.
1375 5627 1442 5696 ⁴non
1451 5607 1550 5734 perimi,⁸
1561 5601 1699 5696 *obrirulilic’
1715 5623 1770 5662 rtu-

127 5683 199 5758 dutoe,
214 5693 273 5746 etc.
970 5693 1037 5746 stru.
1052 5687 1132 5755 Quod
1147 5703 1213 5744 uero
1227 5687 1363 5760 sequitur,
1374 5699 1404 5740 rn
1418 5696 1450 5738 cu
1473 5719 1478 5732 .
1496 5675 1578 5730 Cotis-
1594 5689 1634 5730 ⁵10
1648 5674 1768 5752 lugdun
