4122 6192
232 281 268 336 99
733 273 781 331 ΑΙ)
800 269 918 332 OPERA
935 275 963 330 S.
985 267 1153 331 auenosll
1173 265 1363 327 aerenum.
1827 267 1878 323 leo

233 413 284 478 est,
299 403 434 477 quianon
456 407 639 474 peccaverunt
652 415 748 457 omnes
766 401 795 455 in
809 396 1021 455 similitudinem
1039 403 1108 460 Aut
1122 397 1187 470 quia
1202 412 1285 464 mors,
1300 395 1329 452 id
1343 401 1396 461 est,
1409 391 1565 460 dissolutio,
1581 407 1630 464 per
1642 391 1779 448 iuvidiam
1795 394 1879 464 lacta,

232 491 467 569 prevaricationis
481 489 558 559 Adae,
572 489 660 558 idest,
677 506 732 546 nou
749 505 854 557 omues,
869 496 1027 562 contempto
1082 495 1124 544 est
1148 485 1264 554 diaboli,
1294 485 1375 540 etiarn
1401 482 1430 538 in
1456 481 1571 554 eosqui
1599 496 1655 536 non
1683 491 1878 552 peccaverunt,

232 586 300 654 neo,
324 588 516 656 peccaverunt.
539 579 593 648 Qui
607 587 698 636 autem
711 587 775 634 sunt
795 577 853 649 qui,
868 585 1026 651 contempto
1083 591 1208 650 regnasse
1223 583 1338 630 mortem
1356 571 1444 640 dicat;
1460 571 1617 627 moriuntur
1631 571 1717 636 enim,
1732 571 1805 645 quod
1821 573 1879 629 voti

232 675 300 740 Deo,
329 677 520 744 peccaverunt,
549 668 603 724 nisi
618 668 664 740 qui
679 667 801 738 neglecto
824 666 951 724 Creatorc
966 684 1027 725 ser·
1083 672 1125 722 est
1150 665 1266 721 Satanas.
1294 661 1372 732 Quod
1392 663 1416 718 si
1443 677 1541 717 verum
1567 668 1649 728 esset,
1678 676 1735 717 non
1756 662 1880 735 oportuit

234 762 346 818 vierunt
381 768 521 826 creaturae,
550 757 616 812 deos
640 756 693 812 sibi
730 755 931 812 constituentes
958 772 1028 830 quos
1083 755 1157 812 dici:
1182 754 1423 828 ‹liegnuvitmors
1437 752 1471 808 ab
1485 751 1572 808 Adam
1588 767 1674 824 usque
1688 750 1722 807 ad
1736 751 1873 825 Moysen;·

233 846 408 917 colerent,ad
423 846 552 919 iniuriam
567 844 633 900 neit
647 843 752 900 Idcirco
766 843 910 900 letabatur
924 845 951 899 iu
968 844 1028 902 istis
1084 845 1107 902 si
1120 845 1154 900 ab
1177 843 1258 899 initio
1285 841 1420 916 usquead
1434 841 1517 898 finem
1538 849 1633 914 regnat
1657 841 1687 897 in
1702 858 1807 899 omnes.
1824 842 1882 900 Aut

233 937 371 1006 diabolus,
392 937 456 1010 quia
478 933 590 990 videbat
613 932 676 988 iilos
703 932 857 989 imitatores
881 949 945 990 suos
959 934 1029 990 elie-
1085 934 1156 990 forte
1174 932 1274 1006 gradus
1299 931 1376 999 lecit,
1390 939 1422 988 ut
1448 931 1483 988 ab
1503 929 1591 986 Adam
1612 930 1749 1005 usquead
1767 933 1880 1005 Moysen

232 1036 290 1087 ctos
306 1027 375 1098 (aa).
389 1026 457 1080 Nam
472 1031 499 1080 et
523 1023 611 1078 'Phara
625 1029 702 1094 pater
727 1019 857 1089 Abrahe,
881 1032 907 1079 et
921 1023 1030 1078 Nachor
1085 1024 1251 1097 regnaverit,
1267 1030 1294 1080 et
1304 1023 1421 1096 aMoyse
1433 1020 1563 1096 usquead
1577 1020 1730 1092 Christum,
1744 1023 1882 1082 aChristo

139 1167 142 1174 ,
233 1116 361 1174 etLaban
375 1113 501 1186 proprios
514 1111 579 1168 deos
603 1111 655 1168 sibi
671 1109 860 1168 vindicabant.
877 1112 913 1168 Et
928 1128 1029 1184 peeca-
1085 1129 1151 1169 vero
1165 1127 1251 1186 usque
1265 1111 1299 1168 ad
1325 1111 1427 1178 linem,
1448 1117 1480 1167 ut
1504 1110 1538 1167 ed
1554 1127 1636 1184 quam
1652 1113 1802 1169 utilitatem
1820 1113 1881 1170 hec

233 1213 292 1262 tum
303 1203 370 1260 Ade
386 1219 441 1260 non
456 1202 536 1273 longe
546 1209 587 1256 est
596 1200 630 1257 ab
645 1200 821 1268 idololatria;
837 1201 1030 1273 prevaricarit
1084 1203 1189 1260 locutio
1213 1201 1366 1275 proficeret,
1391 1217 1454 1258 cunr
1481 1217 1534 1258 nec
1547 1201 1587 1258 sic
1614 1201 1724 1260 locutus
1737 1204 1880 1276 probetur.

234 1295 321 1360 enim,
343 1299 443 1364 putans
468 1288 653 1346 sehominem
682 1289 806 1345 laturum
822 1291 921 1346 Deum.
938 1291 1030 1347 AEsti-
1083 1292 1162 1350 Dixit
1176 1291 1269 1351 enirn:
1303 1291 1368 1348 «Ab
1392 1289 1479 1347 Adam
1504 1291 1631 1363 regnavit
1645 1307 1720 1349 mors
1744 1293 1881 1367 usquead

235 1386 322 1442 mavit
337 1383 412 1439 enim
436 1380 489 1438 hoc
504 1381 590 1453 magis
604 1379 791 1452 profuturnm,
806 1381 880 1454 quod
903 1381 1030 1440 diabolus
1085 1382 1233 1454 Moysen·
1255 1388 1367 1452 propter
1392 1379 1467 1453 quod
1490 1379 1536 1437 lex
1551 1396 1607 1436 non
1623 1390 1682 1439 erat
1695 1383 1881 1453 manifestata,

197 1467 199 1472 ’
234 1473 332 1542 suasit,
346 1487 427 1544 quarn
440 1469 512 1544 quod
527 1471 599 1526 Deus
604 1467 698 1541 jussit,
708 1469 737 1526 in
750 1471 811 1536 loco
822 1471 872 1527 Dei
887 1469 1028 1528 diabolum
1086 1478 1117 1528 ut
1130 1471 1193 1528 data
1207 1471 1277 1542 lege,
1292 1469 1343 1526 sub
1360 1470 1523 1527 auctoritate
1538 1470 1596 1543 ejus
1613 1471 1750 1544 viverent,
1766 1473 1883 1532 scientes

234 1571 357 1620 statuens
373 1581 379 1630 ;
407 1560 523 1617 undeet
541 1557 681 1631 subjectus
705 1568 746 1617 est
761 1558 881 1617 diabolo.
897 1561 1031 1618 Similiter
1086 1560 1154 1635 quid
1167 1569 1306 1626 caverent,
1321 1575 1355 1615 ne
1381 1567 1507 1632 regnaret
1526 1559 1554 1616 in
1569 1577 1615 1618 eos
1629 1578 1713 1618 mors.
1729 1563 1816 1635 Igitur
1834 1564 1883 1636 qui

235 1661 262 1710 et
283 1652 323 1721 hi,
353 1660 519 1723 transgresso
546 1651 615 1718 Deo,
638 1648 705 1705 dum
729 1656 863 1706 creature
890 1650 1027 1718 serviunt,
1085 1659 1149 1708 ante
1164 1652 1250 1725 legem
1263 1650 1316 1707 hoc
1339 1649 1472 1718 servavit,
1489 1657 1588 1706 natura
1602 1649 1682 1720 duce,
1700 1653 1774 1726 quod
1788 1662 1883 1727 postea

234 1750 349 1816 peccam
374 1739 459 1797 simili
475 1738 567 1806 modo,
590 1755 646 1795 uon
669 1737 765 1795 eodem
776 1757 782 1806 ;
795 1739 860 1812 quia
874 1739 1030 1797 similitudo
1047 1771 1070 1832 B
1086 1743 1132 1798 lex
1165 1741 1318 1810 mandavit,
1334 1739 1471 1814 numquid
1485 1747 1576 1812 potest
1598 1739 1655 1798 dici
1670 1743 1735 1815 quia
1749 1760 1823 1801 mors
1838 1761 1883 1800 re·

234 1832 305 1888 solet
319 1829 420 1886 habere
434 1827 540 1902 aliquid
552 1826 698 1884 dissimile.
711 1827 767 1884 Nec
780 1826 855 1883 enirn
871 1834 960 1899 potest
974 1827 1029 1884 dici
1085 1831 1220 1904 guavitin
1235 1828 1326 1886 enm?
1344 1830 1411 1885 Nam
1424 1827 1488 1885 vide
1503 1829 1570 1903 quid
1585 1829 1619 1886 de
1635 1846 1667 1888 eo
1683 1833 1881 1906 scriptumsit:

235 1919 300 1992 quia
327 1925 355 1975 et
376 1918 405 1974 bi
426 1916 474 1990 qui
488 1924 655 1988 preceptum
675 1923 840 1989 acceperunt
859 1933 916 1974 nou
931 1915 1030 1973 edendi
1093 1921 1272 1988 «Peccatum,
1288 1918 1392 1991 inquit,
1407 1933 1463 1974 non
1478 1917 1677 1990 imputabatur,
1692 1938 1755 1978 cum
1765 1923 1812 1980 lex
1827 1939 1883 1980 non

235 2006 269 2064 de
296 2006 393 2062 arbore
416 2005 488 2063 sicut
515 2004 603 2062 Adam
631 2004 744 2061 luerunt
764 2007 841 2078 (Gen.
857 2023 889 2074 11,
911 2007 967 2079 ll),
983 2007 1031 2080 qui
1085 2018 1176 2077 esset;
1192 2035 1201 2060 ι
1218 2015 1245 2065 et
1270 2007 1388 2081 adjecit:
1418 2007 1632 2082 ·Sedregnavit
1650 2027 1723 2068 mors
1737 2011 1772 2068 ab
1794 2011 1882 2069 Adam

235 2102 427 2170 peccaverunt,
456 2111 511 2151 uon
546 2094 725 2166 prevaricata
754 2095 822 2161 Deo,
845 2094 892 2151 sed
920 2095 949 2151 in
973 2096 1031 2168 lege
1087 2115 1172 2173 usque
1186 2098 1379 2170 adlioyseu,·
1399 2113 1432 2154 eo
1447 2096 1812 2172 utiquetempore,quolex
1827 2117 1883 2157 nou

235 2185 365 2242 naturali.
383 2183 436 2252 Qui
448 2183 521 2240 enim
537 2183 686 2251 intellexit,
703 2184 761 2240 sive
776 2199 811 2239 ex
831 2183 953 2250 traduce,
973 2185 1032 2241 sive
1086 2198 1162 2258 erat;
1178 2195 1206 2246 et
1219 2187 1348 2244 convenit
1372 2195 1403 2244 ut
1417 2187 1483 2260 quia
1513 2196 1659 2260 antequam
1691 2189 1737 2245 lex
1759 2189 1883 2259 daretur,

235 2275 341 2332 indicio
383 2274 513 2344 naturali,
540 2283 568 2332 et
593 2284 741 2333 veneratus
771 2283 812 2333 est
832 2278 932 2340 Deum,
960 2277 1031 2334 nulli
1086 2295 1161 2336 mors
1176 2276 1312 2351 regnavit,
1336 2274 1364 2331 in
1379 2293 1425 2333 eos
1439 2291 1568 2349 regnasse
1582 2275 1701 2347 dicatur,
1719 2279 1767 2351 qui
1781 2295 1884 2352 pecca-

236 2365 477 2422 honorificentiam
495 2365 617 2421 nominis
642 2381 674 2423 ac
690 2365 840 2438 majestatis
851 2365 911 2438 ejus
925 2366 1033 2440 imper·
1087 2377 1188 2428 verunt
1202 2371 1231 2426 in
1245 2367 1459 2426 similitudinem
1475 2367 1710 2440 prevaricationis
1720 2370 1797 2440 Ade,
1811 2373 1885 2430 sicut

236 2457 327 2536 tiqns;
343 2454 366 2511 si
382 2453 515 2528 peccavit,
525 2454 589 2526 quia
604 2454 775 2526 impossibile
789 2463 893 2512 estnon
907 2471 1030 2527 peccare,
1087 2473 1170 2532 supra
1184 2458 1409 2514 memoravimus.
1426 2457 1502 2514 Sicut
1524 2457 1599 2514 enim
1613 2467 1674 2531 post
1689 2459 1774 2532 legem
1791 2461 1883 2518 damur

235 2544 288 2601 sub
307 2546 365 2601 Deo
391 2543 528 2616 peccavit,
554 2559 609 2598 uon
634 2544 662 2599 in
685 2546 783 2614 Deum,
807 2561 888 2618 quem
909 2543 1031 2616 judicem
1087 2548 1135 2622 qui
1148 2546 1230 2604 idolis
1244 2555 1291 2604 aut
1314 2545 1492 2603 iomicatioui
1512 2545 1678 2615 servierunt,
1707 2554 1885 2605 contemnen-

236 2632 339 2688 sensit:
369 2630 485 2704 ideoque
499 2630 530 2687 in
545 2630 705 2704 hujusmodi
731 2649 805 2689 mors
826 2647 882 2689 nou
895 2635 1029 2706 regnavit.
1087 2644 1129 2693 tes
1141 2637 1338 2708 legislatorem,
1366 2634 1492 2707 regnavit
1506 2634 1536 2691 in
1555 2651 1601 2692 eos
1616 2651 1707 2703 mors;
1723 2635 1763 2692 ita
1779 2645 1807 2694 ot
1819 2647 1883 2696 anta

236 2721 267 2778 ln
292 2719 344 2778 hos
367 2728 470 2788 autem,
486 2725 534 2784 56
562 2720 634 2777 sicut
653 2720 725 2790 dixi,
753 2723 888 2795 regnavit,
907 2723 954 2796 qui
981 2725 1032 2781 sub
1087 2728 1174 2802 legem
1198 2725 1246 2798 qni
1275 2740 1386 2781 sensum
1410 2725 1478 2796 legis
1510 2734 1721 2797 praesenserunt,
1752 2725 1885 2784 honorifi-

235 2822 326 2894 speoie
339 2821 477 2878 idolorum
489 2822 644 2878 servierunt
656 2821 777 2879 diabolo.
796 2821 941 2894 Propterea
959 2822 1033 2896 quod
1087 2823 1180 2876 cantes
1197 2821 1336 2871 auctorem
1364 2813 1434 2885 ejus,
1450 2828 1506 2869 non
1528 2813 1624 2886 utique
1647 2814 1773 2885 regnavit
1796 2817 1824 2872 in
1839 2833 1887 2875 aas

236 2909 326 2965 lexin
356 2911 519 2966 auctoritate
541 2926 597 2967 non
623 2919 682 2967 erat
705 2912 887 2984 promulgata,
908 2911 1031 2983 judicem
1088 2920 1183 2962 non:
1212 2909 1355 2976 propterea
1369 2902 1443 2958 enin
1459 2917 1585 2974 regnasse
1608 2901 1888 2978 010010ηυὶ0003-

237 3001 325 3055 Deum
344 2999 502 3071 presentira
526 3000 721 3071 nequiverunt.
743 2998 863 3056 Maxima
883 3001 957 3056 euim
971 3017 1033 3072 pars
1088 2994 1158 3051 nitio
1172 2993 1256 3051 unius
1282 2991 1332 3049 Dei
1352 2992 1559 3049 evanuerat'in
1573 2992 1664 3048 terris.
1694 2995 1820 3068 lienique
1844 2998 1888 3055 sic

238 3084 336 3142 mundi
361 3087 449 3142 Deum
477 3086 536 3142 iore
563 3085 686 3158 judicem
712 3086 875 3157 ignorabat:
905 3089 1032 3161 perpauci
1051 3084 1173 3178 Coepit
1187 3085 1250 3142 data
1272 3082 1336 3138 lex:
1360 3083 1442 3154 «Ego
1462 3098 1534 3150 sum,
1546 3081 1647 3154 inquit,
1663 3084 1799 3142 Dominus
1813 3087 1887 3144 Dens

236 3179 330 3230 autem
346 3172 375 3228 in
400 3189 470 3246 quos
484 3189 539 3229 non
560 3173 686 3246 regnavit
699 3189 791 3242 mors;
809 3174 837 3230 iu
851 3191 920 3248 quos
941 3185 1031 3233 autern
1087 3181 1162 3241 tuus,
1178 3171 1225 3246 qui
1241 3170 1325 3228 eduxi
1340 3171 1410 3228 tede
1425 3171 1558 3244 AEgypto,
1575 3171 1704 3230 dedomo
1717 3175 1865 3233 servitutis
1879 3195 1885 3234 :

238 3261 375 3336 regnavit,
388 3269 450 3335 post
469 3262 549 3319 istam
565 3269 694 3330 mortem,
709 3279 770 3336 que
783 3264 872 3337 prima
888 3264 1000 3334 dicitur,
1017 3284 1033 3322 a
1087 3279 1143 3320 uon
1158 3268 1241 3318 erunt
1254 3258 1305 3317 tibi
1320 3259 1360 3316 dii
1375 3259 1420 3316 alii
1432 3267 1530 3333 preter
1545 3277 1605 3328 rne;
1617 3269 1644 3317 et
1659 3279 1716 3318 non
1730 3262 1815 3321 iacies
1833 3265 1885 3322 tibi

236 3353 358 3411 secunda
385 3353 493 3426 excepti
518 3362 584 3410 sunt
609 3352 643 3410 ad
663 3369 771 3426 plenam
798 3363 825 3411 et
849 3355 1032 3428 perditionem
1087 3351 1203 3420 idolum,
1237 3365 1325 3422 neque
1348 3349 1432 3404 ullam
1459 3350 1671 3408 similitudinem
1708 3353 1809 3422 illaad.
1834 3369 1885 3422 xx,

238 3444 370 3501 futuram.
399 3445 430 3501 lu
444 3460 514 3518 quos
538 3452 629 3500 autem
657 3460 713 3500 non
740 3444 876 3517 regnavit,
900 3447 1032 3520 quianon
1087 3441 1157 3514 bi).
1176 3465 1185 3488 ι
1207 3440 1276 3498 Data
1302 3439 1387 3512 igitur
1401 3439 1446 3494 lex
1461 3447 1512 3510 est,
1540 3457 1574 3498 ue
1589 3457 1663 3498 mors
1690 3453 1835 3514 regnarat;
1854 3452 1886 3502 ut

237 3541 420 3609 peccaverunt
431 3535 459 3588 in
476 3531 690 3589 similitudinem
705 3531 942 3607 prevaricationis
954 3536 1032 3608 Ade,
1087 3531 1198 3588 abolitis
1227 3529 1345 3603 peccatis
1373 3529 1522 3602 prioribus,
1546 3530 1595 3586 uni
1606 3532 1664 3588 Deo
1686 3531 1887 3591 obsecundaret

236 3623 288 3681 snb
324 3639 371 3696 spe
397 3625 538 3698 ‚reservati
571 3630 636 3679 sunt
658 3623 789 3682 adventui
819 3625 969 3685 salvatoris
1003 3630 1033 3686 iu
1088 3635 1172 3693 ((0000
1200 3617 1363 3675 humanum·
1386 3617 1464 3674 Ussdti
1487 3619 1619 3676 ⁸1i01000
1643 3618 1886 3695 diciiidemdpo·

236 3711 325 3770 libera
340 3713 417 3786 (35);
432 3713 505 3770 sicut
515 3713 655 3786 legiturde
668 3713 817 3784 Abraham,
828 3716 892 3790 qnia
907 3719 1033 3790 quamvis
1087 3709 1195 3767 0101001
1228 3709 1310 3765 ‘Non
1324 3718 1418 3781 regnet
1434 3716 1575 3782 00000100]
1602 3710 1632 3767 in
1658 3721 1751 3769 vestro
1773 3714 1885 3771 mortali

236 3802 310 3875 apud
327 3801 431 3859 inferos
452 3802 546 3872 luerit,
578 3802 712 3860 discretus
735 3813 826 3862 tamen
846 3807 929 3879 longo
950 3807 1032 3865 inter·
1087 3818 1212 3874 corpore,
1231 3811 1262 3859 ut
1276 3801 1412 3859 obediatis
1426 3802 1450 3857 ei
1469 3803 1557 3872 (Rara.
1573 3819 1614 3871 vr,
1631 3802 1714 3874 ¹²)st
1735 3805 1796 3873 Quo
1809 3804 1886 3864 dicto

238 3890 312 3946 vallo
329 3895 388 3956 est;
405 3889 444 3947 ita
460 3896 491 3946 ut
508 3890 598 3948 ¹chaos
614 3901 685 3948 esset
705 3891 801 3966 iugens
818 3892 891 3949 inter
902 3892 992 3966 justos
1006 3902 1033 3950 et
1087 3891 1207 3949 ostendit
1229 3892 1313 3948 etiam
1337 3907 1412 3948 nunc
1432 3907 1545 3964 regnare
1568 3899 1694 3962 mortem,
1718 3893 1741 3950 si
1760 3895 1805 3950 lex
1820 3911 1886 3952 con·

236 3993 393 4057 peccatores
426 3984 502 4058 (Lao.
519 4000 578 4054 rvr,
593 3984 651 4058 26).
667 3984 696 4041 Si
711 3984 1033 4058 interiustosetpecca·
1086 3981 1530 4054 tenuaturiiuodenimregnum
1545 3982 1886 4053 mortisest,nisicumlit

236 4085 309 4133 tores
324 4075 408 4133 chaos
421 4076 518 4149 ingens
531 4083 598 4144 erat,
618 4077 820 4150 quantomagis
836 4077 908 4134 inter
922 4078 1032 4150 impios,
1088 4071 1216 4128 voluntas
1224 4069 1293 4142 ejus,
1304 4071 1370 4128 dum
1379 4069 1542 4144 imperat,ad
1555 4071 1706 4144 perniciem
1718 4072 1884 4147 obedientis,

236 4174 268 4222 ut
293 4166 376 4238 justis
399 4173 470 4224 esset
493 4164 666 4238 refrigerium
690 4165 760 4237 (36),
785 4173 812 4222 et
844 4167 1033 4238 peccatoribus
1086 4163 1167 4236 cujus
1181 4163 1290 4236 imperii
1305 4161 1779 4234 voluutascaputestidololatriei

237 4263 328 4325 estus,
349 4257 443 4328 impiis
464 4272 530 4312 vero
553 4254 653 4322 ardor;
681 4262 712 4310 ut
736 4262 799 4311 ante
814 4253 951 4327 judicium
966 4257 1033 4330 quid
1122 4254 1159 4310 Et
1171 4261 1263 4309 tamen
1277 4251 1317 4308 sio
1331 4250 1518 4323 prescribitur
1532 4250 1611 4308 uobis
1634 4250 1669 4308 dc
1690 4252 1793 4310 Grecis
1811 4253 1886 4310 codi-

237 4345 428 4418 unusquisque
454 4344 555 4416 diguus
567 4353 647 4411 esset,
664 4361 719 4401 non
736 4344 852 4401 lateret?
865 4345 906 4401 Ac
920 4361 968 4417 per
981 4345 1034 4403 hoo
1087 4341 1178 4410 cibus,
1193 4341 1271 4414 quasi
1286 4356 1342 4396 nou
1359 4340 1412 4412 ipsi
1427 4339 1461 4396 ab
1477 4339 1596 4396 invicem
1613 4339 1788 4412 discrepeut3
1811 4341 1886 4414 quod

238 4433 370 4506 regnabat
382 4433 411 4487 in
425 4447 472 4488 eos
482 4449 566 4502 mors,
581 4433 645 4506 quia
659 4432 861 4505 videbatopera
872 4433 1034 4492 subtilitatis
1088 4429 1155 4487 facit
1168 4429 1292 4487 studium
1306 4429 1502 4486 contentionis.
1518 4428 1588 4496 Quia
1608 4429 1681 4485 euim
1697 4429 1809 4502 propria
1823 4429 1886 4502 quis

238 4540 294 4580 sne
319 4522 467 4595 proiecisse
492 4522 531 4578 eis
543 4521 578 4577 ad
607 4539 714 4593 penam
729 4523 806 4595 quasi
825 4522 958 4581 inimicis.
973 4525 1033 4581 Non
1088 4519 1251 4575 auctoritato
1264 4517 1305 4574 uti
1321 4535 1376 4575 non
1391 4525 1481 4592 potest
1492 4517 1526 4574 ad
1541 4517 1698 4586 victoriam,
1714 4518 1799 4574 verbs
1817 4517 1885 4590 legis

237 4611 491 4669 euimlatuitillum
504 4610 538 4666 ad
549 4609 714 4666 hociactum
724 4610 866 4667 hominem
876 4613 904 4668 in
918 4613 1032 4684 mundo,
1088 4608 1236 4678 adulterat,
1267 4617 1298 4664 nt
1327 4623 1438 4665 sensum
1473 4625 1553 4664 suum
1588 4607 1666 4681 quasi
1698 4608 1784 4664 verba
1816 4606 1885 4680 legis

239 4708 270 4757 ut
287 4701 432 4772 imperium
448 4701 532 4758 unius
558 4701 609 4757 Dei
623 4699 795 4773 predicaret,
815 4701 889 4776 quod
904 4705 1033 4775 prevari-
1087 4705 1200 4766 asserat,
1229 4706 1259 4754 ut
1286 4713 1342 4752 non
1366 4697 1447 4765 ratio,
1462 4697 1510 4754 sed
1538 4697 1686 4754 auctoritas
1709 4695 1885 4770 prescribere

240 4797 319 4844 catus
333 4796 374 4844 est
389 4787 514 4844 Satanas.
1088 4786 1226 4843 videatur.
1242 4784 1357 4843 Constat
1370 4793 1462 4842 autem
1477 4801 1559 4858 porro
1583 4786 1651 4842 olim
1664 4785 1796 4860 quosdam
1812 4785 1886 4842 Lati·

274 4876 316 4932 Ac
327 4875 351 4932 si
366 4876 394 4932 in
410 4876 505 4932 Graeco
520 4892 576 4933 non
591 4877 630 4933 ita
642 4885 752 4934 cautum
766 4875 890 4946 dicatum
906 4879 947 4936 sic
958 4878 1032 4936 enim
1087 4892 1139 4932 nos
1161 4874 1195 4931 de
1211 4873 1351 4930 veteribus
1367 4875 1469 4932 Grecis
1482 4875 1630 4932 translatos
1643 4874 1797 4944 codicibus,
1816 4892 1885 4950 quos

239 4965 342 5024 dicitur
364 4965 508 5036 scriptum,
533 4966 616 5022 etiam
635 4965 664 5022 in
692 4983 739 5022 eos
758 4973 874 5023 mortem
896 4982 1033 5040 regnasse,
1087 4969 1262 5039 incorruptos
1278 4963 1441 5036 simplicitas
1462 4972 1619 5037 temporum
1642 4965 1764 5022 servavit
1782 4973 1809 5021 et
1823 4981 1884 5038 pro-

238 5055 286 5130 qui
317 5069 372 5110 non
398 5061 581 5126 peccaverunt
596 5055 625 5110 in
648 5055 860 5112 similitudinem
874 5057 1034 5127 prevarica·
1087 5055 1150 5112 bat:
1167 5061 1311 5128 postquam
1323 5060 1415 5110 autem
1430 5069 1446 5109 a
1460 5052 1608 5110 concordia
1622 5053 1723 5110 animis
1743 5053 1885 5112 disceden-

238 5145 323 5203 tionis
363 5143 441 5202 Ade.
457 5144 555 5202 'lotum
567 5145 640 5201 enim
654 5144 701 5202 hic
723 5147 885 5218 complexus
912 5147 1034 5217 videtur,
1087 5143 1172 5213 tibus,
1186 5152 1213 5202 et
1228 5143 1366 5201 hereticis
1380 5142 1605 5214 perturbantibus
1618 5141 1742 5218 torqueri
1756 5143 1884 5215 questio·

275 5271 334 5343 (33)
350 5271 453 5327 Idcirco
479 5270 651 5327 laudator...
672 5273 782 5342 effectas,
797 5271 890 5328 deerat
903 5273 931 5328 in
946 5274 1033 5329 omni·
1086 5281 1179 5330 veum:
1205 5273 1304 5346 reliqui
1331 5273 1440 5342 melius,
1456 5271 1601 5330 adventui:
1625 5271 1706 5328 Rom.
1729 5269 1797 5327 edit.
1813 5269 1884 5338 sola,

238 5343 290 5401 bus
303 5343 383 5412 edit,
399 5341 473 5416 qnod
488 5357 539 5398 nos
572 5358 656 5414 prope
676 5360 709 5399 ex
728 5342 859 5400 omnibus
873 5359 938 5400 mss.
956 5345 1034 5401 resti·
1087 5346 1224 5402 adventus.

238 5417 352 5472 tuimus.
1124 5418 1183 5489 (36)
1195 5418 1236 5473 lta
1249 5415 1314 5472 Gill.
1330 5433 1362 5473 ac
1375 5417 1454 5475 Rom.
1471 5415 1538 5474 edit.
1557 5431 1620 5473 cum
1637 5431 1703 5471 mss.
1719 5412 1882 5471 nonnullis:

275 5488 334 5559 (33)
349 5487 416 5546 Cod.
434 5484 574 5551 nonnulli,
589 5485 713 5541 adventui
729 5487 878 5543 Saloutaria
891 5488 921 5542 ia
938 5487 1033 5544 libera-
1087 5496 1142 5545 vet.
1159 5495 1250 5544 autem
1265 5487 1332 5544 edit.
1348 5495 1375 5546 et
1399 5487 1498 5562 reliqui
1515 5503 1594 5554 mss„
1617 5485 1814 5559 quantomagis
1828 5484 1884 5556 piis

241 5557 355 5624 tionem·
368 5559 416 5615 alii
432 5573 508 5626 vero,
532 5565 560 5613 et
574 5555 641 5613 edit.
662 5556 715 5614 hoc
736 5557 809 5614 inter
831 5575 859 5616 se
887 5557 1033 5629 dissident,
1087 5559 1201 5631 etiustis
1214 5567 1278 5618 esset
1291 5558 1473 5634 refrigerium.

240 5626 314 5706 quod
334 5645 399 5685 mss.
424 5645 480 5686 non
503 5627 594 5701 pauci,
624 5643 655 5685 ac
681 5636 736 5686 vet.
752 5630 819 5687 edit.
844 5630 971 5699 efferunt,
985 5631 1031 5688 ad-
