<?xml version="1.0" encoding="UTF-8"?>
<!DOCTYPE html PUBLIC "-//W3C//DTD XHTML 1.0 Transitional//EN"
    "http://www.w3.org/TR/xhtml1/DTD/xhtml1-transitional.dtd">
<html xmlns="http://www.w3.org/1999/xhtml" xml:lang="en" lang="en">
 <head>
  <title>
</title>
<meta http-equiv="Content-Type" content="text/html;charset=utf-8" />
  <meta name='ocr-system' content='tesseract 3.04.00' />
  <meta name='ocr-capabilities' content='ocr_page ocr_carea ocr_par ocr_line ocrx_word'/>
</head>
<body>
  <div class='ocr_page' id='page_1' title='image "./patrologiaecurs131migngoog_0602.png"; bbox 0 0 4074 6178; ppageno 0'>
   <div class='ocr_carea' id='block_1_1' title="bbox 142 287 1780 468">
    <p class='ocr_par' dir='ltr' id='par_1_1' title="bbox 142 287 1780 468">
     <span class='ocr_line' id='line_1_1' title="bbox 764 287 1170 354; baseline 0.022 -9"><span class='ocrx_word' id='word_1_1' title='bbox 764 287 990 351; x_wconf 78' lang='lat' dir='ltr'>EXPthhllo</span> <span class='ocrx_word' id='word_1_2' title='bbox 1008 291 1170 354; x_wconf 75' lang='lat' dir='ltr'>SYMBOLI.</span> 
     </span>
     <span class='ocr_line' id='line_1_2' title="bbox 142 403 1780 468; baseline 0.027 -43"><span class='ocrx_word' id='word_1_3' title='bbox 142 403 1780 468; x_wconf 52' lang='lat' dir='ltr'><em>Q</em></span> 
     </span>
    </p>
   </div>
   <div class='ocr_carea' id='block_1_2' title="bbox 264 591 1643 707">
    <p class='ocr_par' dir='ltr' id='par_1_2' title="bbox 264 591 1643 707">
     <span class='ocr_line' id='line_1_3' title="bbox 264 591 1643 707; baseline 0.021 -29"><span class='ocrx_word' id='word_1_4' title='bbox 264 591 691 682; x_wconf 85' lang='lat' dir='ltr'><strong>EXPLANATIO</strong></span> <span class='ocrx_word' id='word_1_5' title='bbox 743 597 1039 688; x_wconf 90' lang='lat' dir='ltr'>SYMBOLI</span> <span class='ocrx_word' id='word_1_6' title='bbox 1085 605 1167 690; x_wconf 88' lang='lat' dir='ltr'>AD</span> <span class='ocrx_word' id='word_1_7' title='bbox 1209 608 1643 707; x_wconf 83' lang='lat' dir='ltr'>lNlTIANDOS.</span> 
     </span>
    </p>
   </div>
   <div class='ocr_carea' id='block_1_3' title="bbox 649 869 1369 944">
    <p class='ocr_par' dir='ltr' id='par_1_3' title="bbox 649 869 1369 944">
     <span class='ocr_line' id='line_1_4' title="bbox 649 869 1369 944; baseline 0.025 -23"><span class='ocrx_word' id='word_1_8' title='bbox 649 871 713 934; x_wconf 82' lang='lat' dir='ltr'>(lint</span> <span class='ocrx_word' id='word_1_9' title='bbox 730 869 824 934; x_wconf 80' lang='lat' dir='ltr'>script.</span> <span class='ocrx_word' id='word_1_10' title='bbox 841 873 890 924; x_wconf 86' lang='lat' dir='ltr'>oet.</span> <span class='ocrx_word' id='word_1_11' title='bbox 909 871 1013 924; x_wconf 77' lang='lat' dir='ltr'>Collect-</span> <span class='ocrx_word' id='word_1_12' title='bbox 1029 887 1102 942; x_wconf 75' lang='grc' dir='ltr'>ιιι,</span> <span class='ocrx_word' id='word_1_13' title='bbox 1118 884 1186 934; x_wconf 89' lang='lat' dir='ltr'>tum.</span> <span class='ocrx_word' id='word_1_14' title='bbox 1204 883 1270 944; x_wconf 88' lang='lat' dir='ltr'>vll)</span> <span class='ocrx_word' id='word_1_15' title='bbox 1366 933 1369 939; x_wconf 91' lang='lat'>.</span> 
     </span>
    </p>
   </div>
   <div class='ocr_carea' id='block_1_4' title="bbox 171 983 1778 1080">
    <p class='ocr_par' dir='ltr' id='par_1_4' title="bbox 171 983 1778 1080">
     <span class='ocr_line' id='line_1_5' title="bbox 171 983 1778 1080; baseline 0.02 -38"><span class='ocrx_word' id='word_1_16' title='bbox 171 983 312 1042; x_wconf 79' lang='lat' dir='ltr'>Celebrate</span> <span class='ocrx_word' id='word_1_17' title='bbox 333 983 465 1044; x_wconf 87' lang='lat' dir='ltr'>hactenus</span> <span class='ocrx_word' id='word_1_18' title='bbox 485 987 617 1059; x_wconf 80' lang='lat' dir='ltr'>mysteria</span> <span class='ocrx_word' id='word_1_19' title='bbox 638 987 848 1046; x_wconf 76' lang='lat' dir='ltr'><strong>scrutaminum.</strong></span> <span class='ocrx_word' id='word_1_20' title='bbox 872 989 924 1046; x_wconf 85' lang='lat' dir='ltr'>lu·</span> <span class='ocrx_word' id='word_1_21' title='bbox 937 991 962 1051; x_wconf 83' lang='lat' dir='ltr'>h</span> <span class='ocrx_word' id='word_1_22' title='bbox 976 989 1042 1049; x_wconf 91' lang='lat' dir='ltr'>hinc</span> <span class='ocrx_word' id='word_1_23' title='bbox 1056 997 1228 1068; x_wconf 81' lang='lat' dir='ltr'>complevit.)</span> <span class='ocrx_word' id='word_1_24' title='bbox 1246 999 1304 1058; x_wconf 85' lang='lat' dir='ltr'>Hoc</span> <span class='ocrx_word' id='word_1_25' title='bbox 1319 1001 1400 1062; x_wconf 90' lang='lat' dir='ltr'>habet</span> <span class='ocrx_word' id='word_1_26' title='bbox 1413 1006 1554 1080; x_wconf 85' lang='lat' dir='ltr'>Scriptura</span> <span class='ocrx_word' id='word_1_27' title='bbox 1568 1009 1675 1070; x_wconf 82' lang='lat' dir='ltr'>diuina.</span> <span class='ocrx_word' id='word_1_28' title='bbox 1692 1014 1778 1074; x_wconf 86' lang='lat' dir='ltr'>Nun-</span> 
     </span>
    </p>
   </div>
   <div class='ocr_carea' id='block_1_5' title="bbox 134 1072 931 1677">
    <p class='ocr_par' dir='ltr' id='par_1_5' title="bbox 134 1072 931 1677">
     <span class='ocr_line' id='line_1_6' title="bbox 138 1072 931 1148; baseline 0.006 -22"><span class='ocrx_word' id='word_1_29' title='bbox 138 1072 270 1144; x_wconf 90' lang='lat' dir='ltr'>qnisitum</span> <span class='ocrx_word' id='word_1_30' title='bbox 285 1081 326 1129; x_wconf 88' lang='lat' dir='ltr'>est</span> <span class='ocrx_word' id='word_1_31' title='bbox 342 1087 377 1128; x_wconf 91' lang='lat' dir='ltr'>ue</span> <span class='ocrx_word' id='word_1_32' title='bbox 391 1072 570 1130; x_wconf 77' lang='lat' dir='ltr'>immunditia</span> <span class='ocrx_word' id='word_1_33' title='bbox 585 1075 614 1130; x_wconf 95' lang='lat' dir='ltr'>in</span> <span class='ocrx_word' id='word_1_34' title='bbox 630 1091 743 1148; x_wconf 88' lang='lat' dir='ltr'>corpore</span> <span class='ocrx_word' id='word_1_35' title='bbox 753 1075 931 1148; x_wconf 80' lang='lat' dir='ltr'>alicujushm·</span> 
     </span>
     <span class='ocr_line' id='line_1_7' title="bbox 138 1161 931 1237; baseline 0.005 -21"><span class='ocrx_word' id='word_1_36' title='bbox 138 1168 219 1217; x_wconf 87' lang='lat' dir='ltr'>reret.</span> <span class='ocrx_word' id='word_1_37' title='bbox 235 1161 286 1218; x_wconf 90' lang='lat' dir='ltr'>Per</span> <span class='ocrx_word' id='word_1_38' title='bbox 299 1162 487 1220; x_wconf 83' lang='lat' dir='ltr'>exorcismum</span> <span class='ocrx_word' id='word_1_39' title='bbox 502 1164 543 1235; x_wconf 81' lang='grc' dir='ltr'>(ι)</span> <span class='ocrx_word' id='word_1_40' title='bbox 559 1179 614 1220; x_wconf 89' lang='lat' dir='ltr'>non</span> <span class='ocrx_word' id='word_1_41' title='bbox 631 1165 721 1220; x_wconf 89' lang='lat' dir='ltr'>solum</span> <span class='ocrx_word' id='word_1_42' title='bbox 736 1166 868 1237; x_wconf 89' lang='lat' dir='ltr'>corporis,</span> <span class='ocrx_word' id='word_1_43' title='bbox 884 1164 931 1221; x_wconf 87' lang='lat' dir='ltr'>sed</span> 
     </span>
     <span class='ocr_line' id='line_1_8' title="bbox 137 1248 931 1324; baseline 0.006 -19"><span class='ocrx_word' id='word_1_44' title='bbox 137 1248 219 1305; x_wconf 88' lang='lat' dir='ltr'>etiarn</span> <span class='ocrx_word' id='word_1_45' title='bbox 235 1250 335 1306; x_wconf 74' lang='lat' dir='ltr'>anime</span> <span class='ocrx_word' id='word_1_46' title='bbox 352 1251 469 1324; x_wconf 88' lang='lat' dir='ltr'>quaesita</span> <span class='ocrx_word' id='word_1_47' title='bbox 485 1258 513 1307; x_wconf 95' lang='lat' dir='ltr'>et</span> <span class='ocrx_word' id='word_1_48' title='bbox 529 1251 657 1308; x_wconf 89' lang='lat' dir='ltr'>adhibita</span> <span class='ocrx_word' id='word_1_49' title='bbox 675 1261 716 1308; x_wconf 90' lang='lat' dir='ltr'>est</span> <span class='ocrx_word' id='word_1_50' title='bbox 739 1253 931 1310; x_wconf 83' lang='lat' dir='ltr'>sanctificatio.</span> 
     </span>
     <span class='ocr_line' id='line_1_9' title="bbox 136 1335 928 1412; baseline 0.005 -20"><span class='ocrx_word' id='word_1_51' title='bbox 136 1335 217 1392; x_wconf 86' lang='lat' dir='ltr'>Nunc</span> <span class='ocrx_word' id='word_1_52' title='bbox 231 1343 339 1409; x_wconf 89' lang='lat' dir='ltr'>tempus</span> <span class='ocrx_word' id='word_1_53' title='bbox 355 1346 397 1394; x_wconf 92' lang='lat' dir='ltr'>est</span> <span class='ocrx_word' id='word_1_54' title='bbox 420 1345 447 1394; x_wconf 90' lang='lat' dir='ltr'>et</span> <span class='ocrx_word' id='word_1_55' title='bbox 464 1338 524 1395; x_wconf 88' lang='lat' dir='ltr'>dies</span> <span class='ocrx_word' id='word_1_56' title='bbox 544 1347 574 1394; x_wconf 90' lang='lat' dir='ltr'>ut</span> <span class='ocrx_word' id='word_1_57' title='bbox 592 1338 748 1412; x_wconf 81' lang='lat' dir='ltr'>symbulum</span> <span class='ocrx_word' id='word_1_58' title='bbox 772 1339 928 1407; x_wconf 90' lang='lat' dir='ltr'>tradamus;</span> 
     </span>
     <span class='ocr_line' id='line_1_10' title="bbox 137 1426 930 1501; baseline 0.004 -19"><span class='ocrx_word' id='word_1_59' title='bbox 137 1426 211 1498; x_wconf 92' lang='lat' dir='ltr'>quod</span> <span class='ocrx_word' id='word_1_60' title='bbox 225 1426 382 1498; x_wconf 86' lang='lat' dir='ltr'>symbolum</span> <span class='ocrx_word' id='word_1_61' title='bbox 397 1435 439 1486; x_wconf 92' lang='lat' dir='ltr'>est</span> <span class='ocrx_word' id='word_1_62' title='bbox 452 1428 576 1500; x_wconf 89' lang='lat' dir='ltr'>spiritale</span> <span class='ocrx_word' id='word_1_63' title='bbox 589 1428 772 1501; x_wconf 77' lang='lat' dir='ltr'>signaculum,</span> <span class='ocrx_word' id='word_1_64' title='bbox 783 1429 930 1486; x_wconf 92' lang='lat' dir='ltr'>cordisnu·</span> 
     </span>
     <span class='ocr_line' id='line_1_11' title="bbox 135 1515 928 1592; baseline 0.005 -20"><span class='ocrx_word' id='word_1_65' title='bbox 135 1515 186 1572; x_wconf 89' lang='lat' dir='ltr'>stri</span> <span class='ocrx_word' id='word_1_66' title='bbox 201 1515 355 1584; x_wconf 74' lang='lat' dir='ltr'>meditatio,</span> <span class='ocrx_word' id='word_1_67' title='bbox 380 1523 407 1572; x_wconf 92' lang='lat' dir='ltr'>et</span> <span class='ocrx_word' id='word_1_68' title='bbox 430 1517 508 1591; x_wconf 84' lang='lat' dir='ltr'>quasi</span> <span class='ocrx_word' id='word_1_69' title='bbox 526 1533 633 1591; x_wconf 90' lang='lat' dir='ltr'>semper</span> <span class='ocrx_word' id='word_1_70' title='bbox 654 1534 772 1592; x_wconf 78' lang='lat' dir='ltr'>praesens</span> <span class='ocrx_word' id='word_1_71' title='bbox 794 1520 928 1588; x_wconf 87' lang='lat' dir='ltr'>custodia,</span> 
     </span>
     <span class='ocr_line' id='line_1_12' title="bbox 134 1603 614 1677; baseline 0.006 -16"><span class='ocrx_word' id='word_1_72' title='bbox 134 1611 209 1661; x_wconf 87' lang='lat' dir='ltr'>certe</span> <span class='ocrx_word' id='word_1_73' title='bbox 223 1603 368 1661; x_wconf 76' lang='lat' dir='ltr'>thesaurus</span> <span class='ocrx_word' id='word_1_74' title='bbox 380 1606 501 1677; x_wconf 89' lang='lat' dir='ltr'>pectoris</span> <span class='ocrx_word' id='word_1_75' title='bbox 514 1605 614 1664; x_wconf 85' lang='lat' dir='ltr'>nostri.</span> 
     </span>
    </p>
   </div>
   <div class='ocr_carea' id='block_1_6' title="bbox 134 1727 929 1895">
    <p class='ocr_par' dir='ltr' id='par_1_6' title="bbox 134 1727 929 1895">
     <span class='ocr_line' id='line_1_13' title="bbox 171 1727 929 1806; baseline 0.009 -23"><span class='ocrx_word' id='word_1_76' title='bbox 171 1727 294 1785; x_wconf 86' lang='lat' dir='ltr'>Primum</span> <span class='ocrx_word' id='word_1_77' title='bbox 310 1728 395 1802; x_wconf 88' lang='lat' dir='ltr'>igitur</span> <span class='ocrx_word' id='word_1_78' title='bbox 407 1729 542 1788; x_wconf 90' lang='lat' dir='ltr'>rationem</span> <span class='ocrx_word' id='word_1_79' title='bbox 556 1731 679 1789; x_wconf 90' lang='lat' dir='ltr'>nominis</span> <span class='ocrx_word' id='word_1_80' title='bbox 695 1731 782 1806; x_wconf 88' lang='lat' dir='ltr'>ipsius</span> <span class='ocrx_word' id='word_1_81' title='bbox 799 1731 929 1790; x_wconf 88' lang='lat' dir='ltr'>debemus</span> 
     </span>
     <span class='ocr_line' id='line_1_14' title="bbox 134 1821 928 1895; baseline 0.003 -15"><span class='ocrx_word' id='word_1_82' title='bbox 134 1821 268 1894; x_wconf 85' lang='lat' dir='ltr'>accipere.</span> <span class='ocrx_word' id='word_1_83' title='bbox 292 1821 454 1895; x_wconf 85' lang='lat' dir='ltr'>Symbolum</span> <span class='ocrx_word' id='word_1_84' title='bbox 471 1825 564 1882; x_wconf 88' lang='lat' dir='ltr'>Graece</span> <span class='ocrx_word' id='word_1_85' title='bbox 583 1824 696 1894; x_wconf 90' lang='lat' dir='ltr'>dicitur,</span> <span class='ocrx_word' id='word_1_86' title='bbox 721 1826 818 1883; x_wconf 91' lang='lat' dir='ltr'>Latine</span> <span class='ocrx_word' id='word_1_87' title='bbox 836 1834 928 1882; x_wconf 90' lang='lat' dir='ltr'>autem</span> 
     </span>
    </p>
   </div>
   <div class='ocr_carea' id='block_1_7' title="bbox 133 1909 992 1986">
    <p class='ocr_par' dir='ltr' id='par_1_7' title="bbox 133 1909 992 1986">
     <span class='ocr_line' id='line_1_15' title="bbox 133 1909 992 1986; baseline 0.007 -18"><span class='ocrx_word' id='word_1_88' title='bbox 133 1909 266 1968; x_wconf 79' lang='lat' dir='ltr'>collatio:</span> <span class='ocrx_word' id='word_1_89' title='bbox 291 1918 319 1968; x_wconf 89' lang='lat' dir='ltr'>et</span> <span class='ocrx_word' id='word_1_90' title='bbox 332 1911 451 1969; x_wconf 80' lang='lat' dir='ltr'>maxime</span> <span class='ocrx_word' id='word_1_91' title='bbox 466 1912 621 1984; x_wconf 85' lang='lat' dir='ltr'>symbolam</span> <span class='ocrx_word' id='word_1_92' title='bbox 636 1911 820 1986; x_wconf 87' lang='lat' dir='ltr'>negotiatores</span> <span class='ocrx_word' id='word_1_93' title='bbox 838 1911 928 1969; x_wconf 91' lang='lat' dir='ltr'>dicere</span> <span class='ocrx_word' id='word_1_94' title='bbox 985 1963 992 1974; x_wconf 90' lang='lat'><strong><em>.</em></strong></span> 
     </span>
    </p>
   </div>
   <div class='ocr_carea' id='block_1_8' title="bbox 122 2000 930 3495">
    <p class='ocr_par' dir='ltr' id='par_1_8' title="bbox 122 2000 930 3495">
     <span class='ocr_line' id='line_1_16' title="bbox 133 2000 930 2073; baseline -0.001 -17"><span class='ocrx_word' id='word_1_95' title='bbox 133 2005 314 2067; x_wconf 85' lang='lat' dir='ltr'>consuerunt,</span> <span class='ocrx_word' id='word_1_96' title='bbox 341 2001 450 2073; x_wconf 89' lang='lat' dir='ltr'>quando</span> <span class='ocrx_word' id='word_1_97' title='bbox 463 2000 611 2058; x_wconf 82' lang='lat' dir='ltr'>conterunt</span> <span class='ocrx_word' id='word_1_98' title='bbox 630 2000 774 2073; x_wconf 88' lang='lat' dir='ltr'>pecuniam</span> <span class='ocrx_word' id='word_1_99' title='bbox 788 2015 877 2070; x_wconf 88' lang='lat' dir='ltr'>suam,</span> <span class='ocrx_word' id='word_1_100' title='bbox 902 2007 930 2056; x_wconf 91' lang='lat' dir='ltr'>et</span> 
     </span>
     <span class='ocr_line' id='line_1_17' title="bbox 133 2089 927 2164; baseline 0.004 -19"><span class='ocrx_word' id='word_1_101' title='bbox 133 2089 214 2162; x_wconf 88' lang='lat' dir='ltr'>quasi</span> <span class='ocrx_word' id='word_1_102' title='bbox 228 2106 263 2147; x_wconf 84' lang='lat' dir='ltr'>ex</span> <span class='ocrx_word' id='word_1_103' title='bbox 277 2089 451 2163; x_wconf 87' lang='lat' dir='ltr'>singulorum</span> <span class='ocrx_word' id='word_1_104' title='bbox 466 2091 614 2150; x_wconf 89' lang='lat' dir='ltr'>collatione</span> <span class='ocrx_word' id='word_1_105' title='bbox 625 2092 751 2150; x_wconf 92' lang='lat' dir='ltr'>inunum</span> <span class='ocrx_word' id='word_1_106' title='bbox 764 2094 927 2164; x_wconf 86' lang='lat' dir='ltr'>constipata,</span> 
     </span>
     <span class='ocr_line' id='line_1_18' title="bbox 132 2176 928 2252; baseline 0.005 -18"><span class='ocrx_word' id='word_1_107' title='bbox 132 2176 241 2252; x_wconf 88' lang='lat' dir='ltr'>integre</span> <span class='ocrx_word' id='word_1_108' title='bbox 250 2189 278 2238; x_wconf 90' lang='lat' dir='ltr'>et</span> <span class='ocrx_word' id='word_1_109' title='bbox 286 2180 458 2239; x_wconf 87' lang='lat' dir='ltr'>inviolabilis</span> <span class='ocrx_word' id='word_1_110' title='bbox 472 2191 659 2252; x_wconf 84' lang='lat' dir='ltr'>conservatur,</span> <span class='ocrx_word' id='word_1_111' title='bbox 668 2192 700 2240; x_wconf 95' lang='lat' dir='ltr'>ut</span> <span class='ocrx_word' id='word_1_112' title='bbox 709 2201 790 2240; x_wconf 90' lang='lat' dir='ltr'>nemo</span> <span class='ocrx_word' id='word_1_113' title='bbox 804 2182 928 2240; x_wconf 77' lang='lat' dir='ltr'>fraudem</span> 
     </span>
     <span class='ocr_line' id='line_1_19' title="bbox 130 2266 926 2342; baseline -0.001 -17"><span class='ocrx_word' id='word_1_114' title='bbox 130 2266 276 2326; x_wconf 89' lang='lat' dir='ltr'>collationi</span> <span class='ocrx_word' id='word_1_115' title='bbox 293 2269 383 2327; x_wconf 90' lang='lat' dir='ltr'>iacere</span> <span class='ocrx_word' id='word_1_116' title='bbox 396 2277 520 2338; x_wconf 90' lang='lat' dir='ltr'>conetur,</span> <span class='ocrx_word' id='word_1_117' title='bbox 536 2284 617 2326; x_wconf 89' lang='lat' dir='ltr'>uerno</span> <span class='ocrx_word' id='word_1_118' title='bbox 632 2269 833 2342; x_wconf 82' lang='lat' dir='ltr'>negotiationi:</span> <span class='ocrx_word' id='word_1_119' title='bbox 851 2269 926 2326; x_wconf 91' lang='lat' dir='ltr'>deni·</span> 
     </span>
     <span class='ocr_line' id='line_1_20' title="bbox 131 2357 913 2432; baseline 0.003 -18"><span class='ocrx_word' id='word_1_120' title='bbox 131 2372 188 2430; x_wconf 91' lang='lat' dir='ltr'>que</span> <span class='ocrx_word' id='word_1_121' title='bbox 202 2357 275 2416; x_wconf 92' lang='lat' dir='ltr'>inter</span> <span class='ocrx_word' id='word_1_122' title='bbox 287 2359 361 2432; x_wconf 90' lang='lat' dir='ltr'>ipsos</span> <span class='ocrx_word' id='word_1_123' title='bbox 375 2358 557 2431; x_wconf 88' lang='lat' dir='ltr'>negotiatores</span> <span class='ocrx_word' id='word_1_124' title='bbox 570 2359 623 2416; x_wconf 93' lang='lat' dir='ltr'>ista</span> <span class='ocrx_word' id='word_1_125' title='bbox 638 2367 678 2416; x_wconf 90' lang='lat' dir='ltr'>est</span> <span class='ocrx_word' id='word_1_126' title='bbox 693 2359 872 2428; x_wconf 78' lang='lat' dir='ltr'>consuetudo,</span> <span class='ocrx_word' id='word_1_127' title='bbox 895 2375 913 2416; x_wconf 96' lang='lat' dir='ltr'>u</span> 
     </span>
     <span class='ocr_line' id='line_1_21' title="bbox 129 2446 926 2521; baseline 0.003 -18"><span class='ocrx_word' id='word_1_128' title='bbox 129 2447 154 2503; x_wconf 88' lang='lat' dir='ltr'>sl</span> <span class='ocrx_word' id='word_1_129' title='bbox 172 2447 234 2518; x_wconf 91' lang='lat' dir='ltr'>quis</span> <span class='ocrx_word' id='word_1_130' title='bbox 248 2446 372 2504; x_wconf 79' lang='lat' dir='ltr'>fraudem</span> <span class='ocrx_word' id='word_1_131' title='bbox 387 2448 491 2517; x_wconf 86' lang='lat' dir='ltr'>fecerit,</span> <span class='ocrx_word' id='word_1_132' title='bbox 514 2448 591 2521; x_wconf 87' lang='lat' dir='ltr'>quasi</span> <span class='ocrx_word' id='word_1_133' title='bbox 607 2448 799 2505; x_wconf 83' lang='lat' dir='ltr'>fraudulentus</span> <span class='ocrx_word' id='word_1_134' title='bbox 814 2447 926 2520; x_wconf 87' lang='lat' dir='ltr'>rejicia-</span> 
     </span>
     <span class='ocr_line' id='line_1_22' title="bbox 129 2533 925 2610; baseline 0.003 -16"><span class='ocrx_word' id='word_1_135' title='bbox 129 2543 191 2594; x_wconf 85' lang='lat' dir='ltr'>tur.</span> <span class='ocrx_word' id='word_1_136' title='bbox 216 2533 308 2593; x_wconf 90' lang='lat' dir='ltr'>Sancti</span> <span class='ocrx_word' id='word_1_137' title='bbox 337 2553 401 2610; x_wconf 90' lang='lat' dir='ltr'>ergo</span> <span class='ocrx_word' id='word_1_138' title='bbox 427 2537 544 2609; x_wconf 88' lang='lat' dir='ltr'>apostoli</span> <span class='ocrx_word' id='word_1_139' title='bbox 564 2538 592 2595; x_wconf 93' lang='lat' dir='ltr'>iu</span> <span class='ocrx_word' id='word_1_140' title='bbox 613 2553 700 2594; x_wconf 91' lang='lat' dir='ltr'>unum</span> <span class='ocrx_word' id='word_1_141' title='bbox 721 2539 925 2607; x_wconf 86' lang='lat' dir='ltr'>convenientes,</span> 
     </span>
     <span class='ocr_line' id='line_1_23' title="bbox 127 2623 925 2698; baseline 0.004 -15"><span class='ocrx_word' id='word_1_142' title='bbox 127 2623 303 2683; x_wconf 85' lang='lat' dir='ltr'>breviarium</span> <span class='ocrx_word' id='word_1_143' title='bbox 322 2626 387 2684; x_wconf 88' lang='lat' dir='ltr'>fidei</span> <span class='ocrx_word' id='word_1_144' title='bbox 400 2627 534 2698; x_wconf 84' lang='lat' dir='ltr'>fecerunt,</span> <span class='ocrx_word' id='word_1_145' title='bbox 560 2635 592 2685; x_wconf 90' lang='lat' dir='ltr'>ut</span> <span class='ocrx_word' id='word_1_146' title='bbox 611 2629 733 2686; x_wconf 85' lang='lat' dir='ltr'>brevitet·</span> <span class='ocrx_word' id='word_1_147' title='bbox 756 2627 820 2686; x_wconf 87' lang='lat' dir='ltr'>fidei</span> <span class='ocrx_word' id='word_1_148' title='bbox 840 2629 925 2686; x_wconf 84' lang='lat' dir='ltr'>totius</span> 
     </span>
     <span class='ocr_line' id='line_1_24' title="bbox 126 2713 926 2786; baseline 0.006 -16"><span class='ocrx_word' id='word_1_149' title='bbox 126 2713 233 2770; x_wconf 85' lang='lat' dir='ltr'>seriem</span> <span class='ocrx_word' id='word_1_150' title='bbox 249 2714 524 2786; x_wconf 82' lang='lat' dir='ltr'>comprehendamus.</span> <span class='ocrx_word' id='word_1_151' title='bbox 535 2714 660 2774; x_wconf 81' lang='lat' dir='ltr'>Brevitas</span> <span class='ocrx_word' id='word_1_152' title='bbox 674 2716 825 2776; x_wconf 86' lang='lat' dir='ltr'>necessaria</span> <span class='ocrx_word' id='word_1_153' title='bbox 833 2724 884 2786; x_wconf 88' lang='lat' dir='ltr'>est,</span> <span class='ocrx_word' id='word_1_154' title='bbox 894 2725 926 2775; x_wconf 91' lang='lat' dir='ltr'>ut</span> 
     </span>
     <span class='ocr_line' id='line_1_25' title="bbox 125 2803 925 2873; baseline 0.004 -16"><span class='ocrx_word' id='word_1_155' title='bbox 125 2815 242 2873; x_wconf 84' lang='lat' dir='ltr'>semper</span> <span class='ocrx_word' id='word_1_156' title='bbox 258 2803 391 2860; x_wconf 90' lang='lat' dir='ltr'>memoria</span> <span class='ocrx_word' id='word_1_157' title='bbox 404 2811 432 2860; x_wconf 87' lang='lat' dir='ltr'>et</span> <span class='ocrx_word' id='word_1_158' title='bbox 446 2803 637 2862; x_wconf 84' lang='lat' dir='ltr'>recordatione</span> <span class='ocrx_word' id='word_1_159' title='bbox 652 2811 787 2862; x_wconf 88' lang='lat' dir='ltr'>teneatur.</span> <span class='ocrx_word' id='word_1_160' title='bbox 811 2804 873 2861; x_wconf 90' lang='lat' dir='ltr'>Seio</span> <span class='ocrx_word' id='word_1_161' title='bbox 896 2803 925 2861; x_wconf 94' lang='lat' dir='ltr'>in</span> 
     </span>
     <span class='ocr_line' id='line_1_26' title="bbox 123 2889 926 2966; baseline 0.004 -21"><span class='ocrx_word' id='word_1_162' title='bbox 123 2889 259 2964; x_wconf 72' lang='lat' dir='ltr'>partibus</span> <span class='ocrx_word' id='word_1_163' title='bbox 275 2893 394 2949; x_wconf 79' lang='lat' dir='ltr'>maxime</span> <span class='ocrx_word' id='word_1_164' title='bbox 408 2891 540 2960; x_wconf 88' lang='lat' dir='ltr'>Orientis,</span> <span class='ocrx_word' id='word_1_165' title='bbox 554 2891 627 2964; x_wconf 90' lang='lat' dir='ltr'>quud</span> <span class='ocrx_word' id='word_1_166' title='bbox 642 2907 673 2948; x_wconf 88' lang='lat' dir='ltr'>ea</span> <span class='ocrx_word' id='word_1_167' title='bbox 687 2907 747 2966; x_wconf 79' lang='lat' dir='ltr'>quat</span> <span class='ocrx_word' id='word_1_168' title='bbox 761 2892 851 2964; x_wconf 87' lang='lat' dir='ltr'>primo</span> <span class='ocrx_word' id='word_1_169' title='bbox 864 2899 926 2948; x_wconf 85' lang='lat' dir='ltr'>lra-</span> 
     </span>
     <span class='ocr_line' id='line_1_27' title="bbox 122 2979 926 3054; baseline 0.001 -16"><span class='ocrx_word' id='word_1_170' title='bbox 122 2980 269 3038; x_wconf 79' lang='lat' dir='ltr'>ditarunt</span> <span class='ocrx_word' id='word_1_171' title='bbox 286 2997 301 3036; x_wconf 93' lang='lat' dir='ltr'>a</span> <span class='ocrx_word' id='word_1_172' title='bbox 316 2980 465 3054; x_wconf 90' lang='lat' dir='ltr'>majoribus</span> <span class='ocrx_word' id='word_1_173' title='bbox 482 2981 584 3037; x_wconf 89' lang='lat' dir='ltr'>nostris</span> <span class='ocrx_word' id='word_1_174' title='bbox 594 2979 647 3053; x_wconf 77' lang='lat'>(2),</span> <span class='ocrx_word' id='word_1_175' title='bbox 658 2981 723 3037; x_wconf 89' lang='lat' dir='ltr'>dum</span> <span class='ocrx_word' id='word_1_176' title='bbox 738 2982 814 3054; x_wconf 88' lang='lat' dir='ltr'>quasi</span> <span class='ocrx_word' id='word_1_177' title='bbox 831 2982 926 3039; x_wconf 81' lang='lat' dir='ltr'>fraude</span> 
     </span>
     <span class='ocr_line' id='line_1_28' title="bbox 123 3066 926 3142; baseline 0.002 -16"><span class='ocrx_word' id='word_1_178' title='bbox 123 3066 191 3138; x_wconf 81' lang='lat' dir='ltr'>atii,</span> <span class='ocrx_word' id='word_1_179' title='bbox 202 3067 250 3125; x_wconf 89' lang='lat' dir='ltr'>alii</span> <span class='ocrx_word' id='word_1_180' title='bbox 264 3068 418 3142; x_wconf 89' lang='lat' dir='ltr'>diligentia,</span> <span class='ocrx_word' id='word_1_181' title='bbox 429 3067 524 3125; x_wconf 86' lang='lat' dir='ltr'>fraude</span> <span class='ocrx_word' id='word_1_182' title='bbox 538 3066 671 3138; x_wconf 77' lang='lat' dir='ltr'>heretici,</span> <span class='ocrx_word' id='word_1_183' title='bbox 680 3068 824 3142; x_wconf 87' lang='lat' dir='ltr'>diligentia</span> <span class='ocrx_word' id='word_1_184' title='bbox 833 3069 926 3128; x_wconf 88' lang='lat' dir='ltr'>catho-</span> 
     </span>
     <span class='ocr_line' id='line_1_29' title="bbox 125 3155 926 3230; baseline 0.001 -16"><span class='ocrx_word' id='word_1_185' title='bbox 125 3157 178 3216; x_wconf 93' lang='lat' dir='ltr'>lici</span> <span class='ocrx_word' id='word_1_186' title='bbox 192 3157 275 3224; x_wconf 89' lang='lat' dir='ltr'>;dum</span> <span class='ocrx_word' id='word_1_187' title='bbox 286 3173 350 3230; x_wconf 88' lang='lat' dir='ltr'>ergo</span> <span class='ocrx_word' id='word_1_188' title='bbox 358 3156 400 3213; x_wconf 93' lang='lat' dir='ltr'>illi</span> <span class='ocrx_word' id='word_1_189' title='bbox 410 3155 599 3213; x_wconf 82' lang='lat' dir='ltr'>fraudulenter</span> <span class='ocrx_word' id='word_1_190' title='bbox 606 3157 926 3230; x_wconf 89' lang='lat' dir='ltr'>conanturirrepere,ad·</span> 
     </span>
     <span class='ocr_line' id='line_1_30' title="bbox 126 3244 925 3320; baseline 0 -16"><span class='ocrx_word' id='word_1_191' title='bbox 126 3247 265 3304; x_wconf 88' lang='lat' dir='ltr'>diderunt</span> <span class='ocrx_word' id='word_1_192' title='bbox 274 3244 349 3319; x_wconf 92' lang='lat' dir='ltr'>quod</span> <span class='ocrx_word' id='word_1_193' title='bbox 362 3261 418 3301; x_wconf 92' lang='lat' dir='ltr'>non</span> <span class='ocrx_word' id='word_1_194' title='bbox 433 3261 501 3318; x_wconf 87' lang='lat' dir='ltr'>opus</span> <span class='ocrx_word' id='word_1_195' title='bbox 515 3253 573 3314; x_wconf 87' lang='lat' dir='ltr'>est;</span> <span class='ocrx_word' id='word_1_196' title='bbox 587 3244 654 3302; x_wconf 92' lang='lat' dir='ltr'>dum</span> <span class='ocrx_word' id='word_1_197' title='bbox 667 3244 714 3300; x_wconf 93' lang='lat' dir='ltr'>isti</span> <span class='ocrx_word' id='word_1_198' title='bbox 725 3245 848 3302; x_wconf 77' lang='lat' dir='ltr'>fraudem</span> <span class='ocrx_word' id='word_1_199' title='bbox 859 3263 925 3320; x_wconf 79' lang='lat' dir='ltr'>pre·</span> 
     </span>
     <span class='ocr_line' id='line_1_31' title="bbox 127 3330 925 3409; baseline -0.001 -15"><span class='ocrx_word' id='word_1_200' title='bbox 127 3349 230 3395; x_wconf 86' lang='lat' dir='ltr'>cavere</span> <span class='ocrx_word' id='word_1_201' title='bbox 242 3331 423 3400; x_wconf 90' lang='lat' dir='ltr'>contendunt,</span> <span class='ocrx_word' id='word_1_202' title='bbox 434 3333 503 3391; x_wconf 89' lang='lat' dir='ltr'>lines</span> <span class='ocrx_word' id='word_1_203' title='bbox 517 3330 653 3407; x_wconf 84' lang='lat' dir='ltr'>majorum</span> <span class='ocrx_word' id='word_1_204' title='bbox 668 3334 744 3390; x_wconf 84' lang='lat' dir='ltr'>velut</span> <span class='ocrx_word' id='word_1_205' title='bbox 752 3334 852 3406; x_wconf 88' lang='lat' dir='ltr'>pietate</span> <span class='ocrx_word' id='word_1_206' title='bbox 861 3350 925 3409; x_wconf 78' lang='lat' dir='ltr'>qus·</span> 
     </span>
     <span class='ocr_line' id='line_1_32' title="bbox 125 3420 782 3495; baseline -0.006 -13"><span class='ocrx_word' id='word_1_207' title='bbox 125 3424 194 3482; x_wconf 89' lang='lat' dir='ltr'>dam</span> <span class='ocrx_word' id='word_1_208' title='bbox 210 3429 237 3478; x_wconf 93' lang='lat' dir='ltr'>et</span> <span class='ocrx_word' id='word_1_209' title='bbox 250 3421 358 3481; x_wconf 88' lang='lat' dir='ltr'>incuria</span> <span class='ocrx_word' id='word_1_210' title='bbox 373 3420 503 3479; x_wconf 85' lang='lat' dir='ltr'>videntur</span> <span class='ocrx_word' id='word_1_211' title='bbox 516 3437 574 3479; x_wconf 90' lang='lat' dir='ltr'>esse</span> <span class='ocrx_word' id='word_1_212' title='bbox 588 3421 782 3495; x_wconf 72' lang='lat' dir='ltr'>pretergressi.</span> 
     </span>
    </p>
   </div>
   <div class='ocr_carea' id='block_1_9' title="bbox 982 1080 1777 2311">
    <p class='ocr_par' dir='ltr' id='par_1_9' title="bbox 986 1080 1777 1314">
     <span class='ocr_line' id='line_1_33' title="bbox 987 1080 1777 1166; baseline 0.037 -33"><span class='ocrx_word' id='word_1_213' title='bbox 987 1080 1053 1150; x_wconf 84' lang='lat' dir='ltr'>quid</span> <span class='ocrx_word' id='word_1_214' title='bbox 1068 1099 1150 1154; x_wconf 88' lang='lat' dir='ltr'>supra</span> <span class='ocrx_word' id='word_1_215' title='bbox 1164 1088 1350 1153; x_wconf 85' lang='lat' dir='ltr'>apostolorum</span> <span class='ocrx_word' id='word_1_216' title='bbox 1367 1091 1435 1148; x_wconf 86' lang='lat' dir='ltr'>hrtes</span> <span class='ocrx_word' id='word_1_217' title='bbox 1450 1094 1575 1166; x_wconf 77' lang='lat' dir='ltr'>progredi</span> <span class='ocrx_word' id='word_1_218' title='bbox 1589 1098 1690 1157; x_wconf 86' lang='lat' dir='ltr'>audaci</span> <span class='ocrx_word' id='word_1_219' title='bbox 1702 1118 1777 1162; x_wconf 88' lang='lat' dir='ltr'>meu·</span> 
     </span>
     <span class='ocr_line' id='line_1_34' title="bbox 986 1169 1777 1254; baseline 0.038 -33"><span class='ocrx_word' id='word_1_220' title='bbox 986 1173 1013 1222; x_wconf 90' lang='lat' dir='ltr'>te</span> <span class='ocrx_word' id='word_1_221' title='bbox 1028 1169 1182 1228; x_wconf 77' lang='lat' dir='ltr'>debemus?</span> <span class='ocrx_word' id='word_1_222' title='bbox 1201 1175 1333 1248; x_wconf 79' lang='lat' dir='ltr'>h‘unqnid</span> <span class='ocrx_word' id='word_1_223' title='bbox 1347 1193 1397 1236; x_wconf 90' lang='lat' dir='ltr'>nos</span> <span class='ocrx_word' id='word_1_224' title='bbox 1411 1197 1506 1240; x_wconf 85' lang='lat' dir='ltr'>snmus</span> <span class='ocrx_word' id='word_1_225' title='bbox 1520 1185 1649 1254; x_wconf 89' lang='lat' dir='ltr'>apostolis</span> <span class='ocrx_word' id='word_1_226' title='bbox 1666 1190 1777 1250; x_wconf 86' lang='lat' dir='ltr'>cautio·</span> 
     </span>
     <span class='ocr_line' id='line_1_35' title="bbox 986 1257 1053 1314; baseline 0.06 -4"><span class='ocrx_word' id='word_1_227' title='bbox 986 1257 1053 1314; x_wconf 78' lang='lat' dir='ltr'>res?</span> 
     </span>
    </p>

    <p class='ocr_par' dir='ltr' id='par_1_10' title="bbox 982 1344 1776 2311">
     <span class='ocr_line' id='line_1_36' title="bbox 1020 1344 1776 1433; baseline 0.032 -33"><span class='ocrx_word' id='word_1_228' title='bbox 1020 1344 1083 1414; x_wconf 87' lang='lat' dir='ltr'>Sed,</span> <span class='ocrx_word' id='word_1_229' title='bbox 1099 1349 1169 1409; x_wconf 90' lang='lat' dir='ltr'>dicis</span> <span class='ocrx_word' id='word_1_230' title='bbox 1183 1355 1263 1425; x_wconf 87' lang='lat' dir='ltr'>mihi,</span> <span class='ocrx_word' id='word_1_231' title='bbox 1279 1364 1373 1430; x_wconf 89' lang='lat' dir='ltr'>postea</span> <span class='ocrx_word' id='word_1_232' title='bbox 1386 1368 1556 1417; x_wconf 88' lang='lat' dir='ltr'>emerserunt</span> <span class='ocrx_word' id='word_1_233' title='bbox 1569 1360 1692 1421; x_wconf 85' lang='lat' dir='ltr'>haereses.</span> <span class='ocrx_word' id='word_1_234' title='bbox 1703 1365 1776 1433; x_wconf 89' lang='lat' dir='ltr'>Quid</span> 
     </span>
     <span class='ocr_line' id='line_1_37' title="bbox 985 1435 1775 1532; baseline 0.029 -44"><span class='ocrx_word' id='word_1_235' title='bbox 985 1435 1069 1532; x_wconf 72' lang='lat' dir='ltr'>ergo?</span> <span class='ocrx_word' id='word_1_236' title='bbox 1084 1438 1147 1496; x_wconf 86' lang='lat' dir='ltr'>vide</span> <span class='ocrx_word' id='word_1_237' title='bbox 1160 1443 1379 1516; x_wconf 89' lang='lat' dir='ltr'>simplieitatem,</span> <span class='ocrx_word' id='word_1_238' title='bbox 1394 1447 1458 1504; x_wconf 86' lang='lat' dir='ltr'>vida</span> <span class='ocrx_word' id='word_1_239' title='bbox 1471 1449 1627 1522; x_wconf 85' lang='lat' dir='ltr'>puritatem.</span> <span class='ocrx_word' id='word_1_240' title='bbox 1642 1451 1775 1527; x_wconf 80' lang='lat' dir='ltr'>Patr&#39;ipas·</span> 
     </span>
     <span class='ocr_line' id='line_1_38' title="bbox 985 1521 1774 1608; baseline 0.03 -32"><span class='ocrx_word' id='word_1_241' title='bbox 985 1521 1055 1577; x_wconf 91' lang='lat' dir='ltr'>srani</span> <span class='ocrx_word' id='word_1_242' title='bbox 1070 1540 1134 1582; x_wconf 88' lang='lat' dir='ltr'>curn</span> <span class='ocrx_word' id='word_1_243' title='bbox 1149 1531 1334 1603; x_wconf 87' lang='lat' dir='ltr'>eurersissent,</span> <span class='ocrx_word' id='word_1_244' title='bbox 1360 1543 1526 1608; x_wconf 87' lang='lat' dir='ltr'>putaverunt</span> <span class='ocrx_word' id='word_1_245' title='bbox 1544 1539 1626 1594; x_wconf 90' lang='lat' dir='ltr'>etiam</span> <span class='ocrx_word' id='word_1_246' title='bbox 1644 1541 1774 1600; x_wconf 87' lang='lat' dir='ltr'>catholici</span> 
     </span>
     <span class='ocr_line' id='line_1_39' title="bbox 985 1608 1773 1700; baseline 0.033 -37"><span class='ocrx_word' id='word_1_247' title='bbox 985 1608 1013 1664; x_wconf 93' lang='lat' dir='ltr'>in</span> <span class='ocrx_word' id='word_1_248' title='bbox 1028 1610 1079 1668; x_wconf 90' lang='lat' dir='ltr'>hac</span> <span class='ocrx_word' id='word_1_249' title='bbox 1094 1624 1170 1686; x_wconf 87' lang='lat' dir='ltr'>parta</span> <span class='ocrx_word' id='word_1_250' title='bbox 1192 1619 1348 1677; x_wconf 89' lang='lat' dir='ltr'>addendum</span> <span class='ocrx_word' id='word_1_251' title='bbox 1370 1624 1528 1680; x_wconf 80' lang='lat' dir='ltr'>invisibilem</span> <span class='ocrx_word' id='word_1_252' title='bbox 1541 1633 1564 1680; x_wconf 84' lang='lat' dir='ltr'>et</span> <span class='ocrx_word' id='word_1_253' title='bbox 1577 1628 1773 1700; x_wconf 82' lang='lat' dir='ltr'>impassibilem,</span> 
     </span>
     <span class='ocr_line' id='line_1_40' title="bbox 984 1699 1775 1782; baseline 0.029 -31"><span class='ocrx_word' id='word_1_254' title='bbox 984 1699 1061 1768; x_wconf 90' lang='lat' dir='ltr'>quasi</span> <span class='ocrx_word' id='word_1_255' title='bbox 1078 1701 1168 1760; x_wconf 83' lang='lat' dir='ltr'>Filius</span> <span class='ocrx_word' id='word_1_256' title='bbox 1181 1706 1231 1762; x_wconf 92' lang='lat' dir='ltr'>Dei</span> <span class='ocrx_word' id='word_1_257' title='bbox 1244 1707 1364 1764; x_wconf 87' lang='lat' dir='ltr'>visibilis</span> <span class='ocrx_word' id='word_1_258' title='bbox 1379 1719 1407 1766; x_wconf 91' lang='lat' dir='ltr'>et</span> <span class='ocrx_word' id='word_1_259' title='bbox 1419 1712 1557 1782; x_wconf 88' lang='lat' dir='ltr'>passibilis</span> <span class='ocrx_word' id='word_1_260' title='bbox 1571 1713 1663 1771; x_wconf 85' lang='lat' dir='ltr'>fuerit.</span> <span class='ocrx_word' id='word_1_261' title='bbox 1680 1715 1709 1773; x_wconf 93' lang='lat' dir='ltr'>Si</span> <span class='ocrx_word' id='word_1_262' title='bbox 1720 1717 1775 1776; x_wconf 90' lang='lat' dir='ltr'>luit</span> 
     </span>
     <span class='ocr_line' id='line_1_41' title="bbox 984 1785 1774 1868; baseline 0.029 -28"><span class='ocrx_word' id='word_1_263' title='bbox 984 1785 1105 1845; x_wconf 88' lang='lat' dir='ltr'>visibilis</span> <span class='ocrx_word' id='word_1_264' title='bbox 1119 1790 1148 1848; x_wconf 91' lang='lat' dir='ltr'>in</span> <span class='ocrx_word' id='word_1_265' title='bbox 1163 1809 1329 1863; x_wconf 88' lang='lat' dir='ltr'>earne,caro</span> <span class='ocrx_word' id='word_1_266' title='bbox 1339 1796 1387 1853; x_wconf 88' lang='lat' dir='ltr'>illa</span> <span class='ocrx_word' id='word_1_267' title='bbox 1402 1797 1456 1854; x_wconf 85' lang='lat' dir='ltr'>fuit</span> <span class='ocrx_word' id='word_1_268' title='bbox 1470 1800 1598 1868; x_wconf 84' lang='lat' dir='ltr'>visibilis,</span> <span class='ocrx_word' id='word_1_269' title='bbox 1609 1803 1774 1864; x_wconf 84' lang='lat' dir='ltr'>nondivini·</span> 
     </span>
     <span class='ocr_line' id='line_1_42' title="bbox 983 1877 1775 1965; baseline 0.029 -35"><span class='ocrx_word' id='word_1_270' title='bbox 983 1879 1035 1932; x_wconf 88' lang='lat' dir='ltr'>tas.</span> <span class='ocrx_word' id='word_1_271' title='bbox 1049 1877 1174 1951; x_wconf 92' lang='lat' dir='ltr'>Denique</span> <span class='ocrx_word' id='word_1_272' title='bbox 1189 1882 1255 1954; x_wconf 92' lang='lat' dir='ltr'>quid</span> <span class='ocrx_word' id='word_1_273' title='bbox 1269 1883 1343 1942; x_wconf 91' lang='lat' dir='ltr'>dicat</span> <span class='ocrx_word' id='word_1_274' title='bbox 1361 1883 1444 1942; x_wconf 88' lang='lat' dir='ltr'>andi:</span> <span class='ocrx_word' id='word_1_275' title='bbox 1460 1887 1543 1956; x_wconf 89' lang='lat' dir='ltr'>Deus,</span> <span class='ocrx_word' id='word_1_276' title='bbox 1567 1890 1650 1958; x_wconf 89' lang='lat' dir='ltr'>Deus,</span> <span class='ocrx_word' id='word_1_277' title='bbox 1671 1893 1775 1965; x_wconf 81' lang='lat' dir='ltr'>respice</span> 
     </span>
     <span class='ocr_line' id='line_1_43' title="bbox 984 1967 1776 2050; baseline 0.028 -31"><span class='ocrx_word' id='word_1_278' title='bbox 984 1979 1013 2020; x_wconf 86' lang='lat' dir='ltr'>ru</span> <span class='ocrx_word' id='word_1_279' title='bbox 1043 1981 1106 2034; x_wconf 90' lang='lat' dir='ltr'>me;</span> <span class='ocrx_word' id='word_1_280' title='bbox 1128 1983 1211 2040; x_wconf 88' lang='lat' dir='ltr'>quare</span> <span class='ocrx_word' id='word_1_281' title='bbox 1237 1988 1280 2028; x_wconf 90' lang='lat' dir='ltr'>me</span> <span class='ocrx_word' id='word_1_282' title='bbox 1303 1967 1503 2047; x_wconf 77' lang='lat' dir='ltr'>dereliquisti?</span> <span class='ocrx_word' id='word_1_283' title='bbox 1522 1978 1554 2033; x_wconf 93' lang='lat' dir='ltr'>ln</span> <span class='ocrx_word' id='word_1_284' title='bbox 1576 1980 1701 2050; x_wconf 87' lang='lat' dir='ltr'>passione</span> <span class='ocrx_word' id='word_1_285' title='bbox 1722 1981 1776 2041; x_wconf 88' lang='lat' dir='ltr'>hoc</span> 
     </span>
     <span class='ocr_line' id='line_1_44' title="bbox 983 2053 1775 2128; baseline 0.023 -18"><span class='ocrx_word' id='word_1_286' title='bbox 983 2053 1052 2110; x_wconf 89' lang='lat' dir='ltr'>dicit</span> <span class='ocrx_word' id='word_1_287' title='bbox 1063 2072 1070 2121; x_wconf 93' lang='lat'>;</span> <span class='ocrx_word' id='word_1_288' title='bbox 1081 2057 1218 2114; x_wconf 88' lang='lat' dir='ltr'>Dominus</span> <span class='ocrx_word' id='word_1_289' title='bbox 1230 2067 1323 2117; x_wconf 91' lang='lat' dir='ltr'>noster</span> <span class='ocrx_word' id='word_1_290' title='bbox 1331 2062 1410 2118; x_wconf 89' lang='lat' dir='ltr'>lesus</span> <span class='ocrx_word' id='word_1_291' title='bbox 1418 2060 1545 2122; x_wconf 88' lang='lat' dir='ltr'>Christus</span> <span class='ocrx_word' id='word_1_292' title='bbox 1558 2065 1612 2124; x_wconf 92' lang='lat' dir='ltr'>boc</span> <span class='ocrx_word' id='word_1_293' title='bbox 1623 2069 1775 2128; x_wconf 87' lang='lat' dir='ltr'>secundum</span> 
     </span>
     <span class='ocr_line' id='line_1_45' title="bbox 982 2139 1774 2222; baseline 0.024 -26"><span class='ocrx_word' id='word_1_294' title='bbox 982 2139 1123 2200; x_wconf 91' lang='lat' dir='ltr'>hominem</span> <span class='ocrx_word' id='word_1_295' title='bbox 1143 2144 1251 2204; x_wconf 91' lang='lat' dir='ltr'>locutus</span> <span class='ocrx_word' id='word_1_296' title='bbox 1264 2157 1317 2213; x_wconf 88' lang='lat' dir='ltr'>ost,</span> <span class='ocrx_word' id='word_1_297' title='bbox 1333 2147 1413 2222; x_wconf 88' lang='lat' dir='ltr'>quasi</span> <span class='ocrx_word' id='word_1_298' title='bbox 1425 2165 1490 2208; x_wconf 91' lang='lat' dir='ltr'>caro</span> <span class='ocrx_word' id='word_1_299' title='bbox 1503 2150 1576 2210; x_wconf 90' lang='lat' dir='ltr'>dicat</span> <span class='ocrx_word' id='word_1_300' title='bbox 1590 2155 1624 2212; x_wconf 90' lang='lat' dir='ltr'>ad</span> <span class='ocrx_word' id='word_1_301' title='bbox 1638 2156 1774 2214; x_wconf 83' lang='lat' dir='ltr'>Divinita-</span> 
     </span>
     <span class='ocr_line' id='line_1_46' title="bbox 982 2232 1774 2311; baseline 0.018 -23"><span class='ocrx_word' id='word_1_302' title='bbox 982 2237 1037 2288; x_wconf 89' lang='lat' dir='ltr'>tem</span> <span class='ocrx_word' id='word_1_303' title='bbox 1050 2232 1157 2301; x_wconf 90' lang='lat' dir='ltr'>:Quare</span> <span class='ocrx_word' id='word_1_304' title='bbox 1172 2251 1216 2292; x_wconf 90' lang='lat' dir='ltr'>me</span> <span class='ocrx_word' id='word_1_305' title='bbox 1229 2234 1401 2309; x_wconf 86' lang='lat' dir='ltr'>dereliquisti</span> <span class='ocrx_word' id='word_1_306' title='bbox 1412 2237 1506 2311; x_wconf 81' lang='lat' dir='ltr'>iErgo</span> <span class='ocrx_word' id='word_1_307' title='bbox 1522 2247 1592 2309; x_wconf 91' lang='lat' dir='ltr'>esto,</span> <span class='ocrx_word' id='word_1_308' title='bbox 1606 2241 1708 2300; x_wconf 89' lang='lat' dir='ltr'>medici</span> <span class='ocrx_word' id='word_1_309' title='bbox 1717 2245 1774 2302; x_wconf 75' lang='lat' dir='ltr'>lue</span> 
     </span>
    </p>
   </div>
   <div class='ocr_carea' id='block_1_10' title="bbox 915 2319 1773 2414">
    <p class='ocr_par' dir='ltr' id='par_1_11' title="bbox 915 2319 1773 2414">
     <span class='ocr_line' id='line_1_47' title="bbox 915 2319 1773 2414; baseline 0.021 -42"><span class='ocrx_word' id='word_1_310' title='bbox 915 2333 963 2414; x_wconf 73' lang='lat' dir='ltr'>tB</span> <span class='ocrx_word' id='word_1_311' title='bbox 982 2319 1038 2374; x_wconf 93' lang='lat' dir='ltr'>rint</span> <span class='ocrx_word' id='word_1_312' title='bbox 1060 2320 1176 2393; x_wconf 85' lang='lat' dir='ltr'>majores</span> <span class='ocrx_word' id='word_1_313' title='bbox 1196 2324 1303 2390; x_wconf 89' lang='lat' dir='ltr'>nostri;</span> <span class='ocrx_word' id='word_1_314' title='bbox 1335 2325 1474 2382; x_wconf 84' lang='lat' dir='ltr'>voluerint</span> <span class='ocrx_word' id='word_1_315' title='bbox 1494 2326 1593 2408; x_wconf 78' lang='lat' dir='ltr'>addere</span> <span class='ocrx_word' id='word_1_316' title='bbox 1616 2330 1773 2402; x_wconf 76' lang='lat' dir='ltr'>egritudini</span> 
     </span>
    </p>
   </div>
   <div class='ocr_carea' id='block_1_11' title="bbox 979 2410 1775 3454">
    <p class='ocr_par' dir='ltr' id='par_1_12' title="bbox 979 2410 1775 3454">
     <span class='ocr_line' id='line_1_48' title="bbox 981 2410 1775 2489; baseline 0.015 -23"><span class='ocrx_word' id='word_1_317' title='bbox 981 2410 1125 2467; x_wconf 90' lang='lat' dir='ltr'>sanitatem</span> <span class='ocrx_word' id='word_1_318' title='bbox 1134 2430 1144 2477; x_wconf 91' lang='lat'>,·</span> <span class='ocrx_word' id='word_1_319' title='bbox 1154 2413 1292 2470; x_wconf 87' lang='lat' dir='ltr'>medicina</span> <span class='ocrx_word' id='word_1_320' title='bbox 1301 2415 1508 2486; x_wconf 80' lang='lat' dir='ltr'>conquaeritur.</span> <span class='ocrx_word' id='word_1_321' title='bbox 1522 2416 1626 2489; x_wconf 82' lang='lat' dir='ltr'>Erguti</span> <span class='ocrx_word' id='word_1_322' title='bbox 1637 2419 1775 2478; x_wconf 90' lang='lat' dir='ltr'>medicina</span> 
     </span>
     <span class='ocr_line' id='line_1_49' title="bbox 981 2498 1774 2575; baseline 0.015 -21"><span class='ocrx_word' id='word_1_323' title='bbox 981 2514 1036 2554; x_wconf 92' lang='lat' dir='ltr'>non</span> <span class='ocrx_word' id='word_1_324' title='bbox 1052 2498 1106 2554; x_wconf 89' lang='lat' dir='ltr'>luit</span> <span class='ocrx_word' id='word_1_325' title='bbox 1118 2515 1151 2555; x_wconf 92' lang='grc' dir='ltr'>ιο</span> <span class='ocrx_word' id='word_1_326' title='bbox 1165 2507 1288 2572; x_wconf 89' lang='lat' dir='ltr'>ternpore</span> <span class='ocrx_word' id='word_1_327' title='bbox 1304 2502 1465 2570; x_wconf 85' lang='lat' dir='ltr'>necessaria,</span> <span class='ocrx_word' id='word_1_328' title='bbox 1486 2512 1612 2575; x_wconf 83' lang='lat' dir='ltr'>quaerat</span> <span class='ocrx_word' id='word_1_329' title='bbox 1625 2505 1774 2566; x_wconf 87' lang='lat' dir='ltr'>haeretico·</span> 
     </span>
     <span class='ocr_line' id='line_1_50' title="bbox 980 2585 1773 2660; baseline 0.014 -18"><span class='ocrx_word' id='word_1_330' title='bbox 980 2601 1042 2642; x_wconf 88' lang='lat' dir='ltr'>rum</span> <span class='ocrx_word' id='word_1_331' title='bbox 1057 2585 1238 2658; x_wconf 86' lang='lat' dir='ltr'>quorumdam</span> <span class='ocrx_word' id='word_1_332' title='bbox 1252 2588 1343 2658; x_wconf 80' lang='lat' dir='ltr'>gravis</span> <span class='ocrx_word' id='word_1_333' title='bbox 1357 2587 1490 2660; x_wconf 78' lang='lat' dir='ltr'>agritudo</span> <span class='ocrx_word' id='word_1_334' title='bbox 1503 2589 1678 2648; x_wconf 89' lang='lat' dir='ltr'>animorum:</span> <span class='ocrx_word' id='word_1_335' title='bbox 1698 2601 1727 2652; x_wconf 89' lang='lat' dir='ltr'>et</span> <span class='ocrx_word' id='word_1_336' title='bbox 1748 2595 1773 2653; x_wconf 85' lang='lat' dir='ltr'>si</span> 
     </span>
     <span class='ocr_line' id='line_1_51' title="bbox 980 2672 1774 2749; baseline 0.015 -21"><span class='ocrx_word' id='word_1_337' title='bbox 980 2672 1035 2730; x_wconf 88' lang='lat' dir='ltr'>fuit</span> <span class='ocrx_word' id='word_1_338' title='bbox 1058 2679 1125 2729; x_wconf 92' lang='lat' dir='ltr'>tunc</span> <span class='ocrx_word' id='word_1_339' title='bbox 1144 2673 1275 2745; x_wconf 92' lang='lat' dir='ltr'>temporis</span> <span class='ocrx_word' id='word_1_340' title='bbox 1301 2673 1458 2746; x_wconf 78' lang='lat' dir='ltr'>quaerenda,</span> <span class='ocrx_word' id='word_1_341' title='bbox 1480 2690 1557 2734; x_wconf 92' lang='lat' dir='ltr'>nunc</span> <span class='ocrx_word' id='word_1_342' title='bbox 1570 2693 1620 2734; x_wconf 91' lang='lat' dir='ltr'>nos</span> <span class='ocrx_word' id='word_1_343' title='bbox 1635 2688 1686 2738; x_wconf 88' lang='lat' dir='ltr'>est.</span> <span class='ocrx_word' id='word_1_344' title='bbox 1713 2680 1774 2749; x_wconf 85' lang='lat' dir='ltr'>Qua</span> 
     </span>
     <span class='ocr_line' id='line_1_52' title="bbox 981 2760 1774 2834; baseline 0.013 -19"><span class='ocrx_word' id='word_1_345' title='bbox 981 2760 1197 2816; x_wconf 83' lang='lat' dir='ltr'>rationeilides</span> <span class='ocrx_word' id='word_1_346' title='bbox 1212 2761 1318 2834; x_wconf 85' lang='lat' dir='ltr'>integra</span> <span class='ocrx_word' id='word_1_347' title='bbox 1332 2763 1463 2820; x_wconf 88' lang='lat' dir='ltr'>adversus</span> <span class='ocrx_word' id='word_1_348' title='bbox 1474 2762 1774 2830; x_wconf 76' lang='lat' dir='ltr'>sabellianosllxclusi</span> 
     </span>
     <span class='ocr_line' id='line_1_53' title="bbox 981 2848 1773 2922; baseline 0.01 -15"><span class='ocrx_word' id='word_1_349' title='bbox 981 2856 1047 2907; x_wconf 90' lang='lat' dir='ltr'>sunt</span> <span class='ocrx_word' id='word_1_350' title='bbox 1060 2848 1208 2906; x_wconf 90' lang='lat' dir='ltr'>Sabelliani</span> <span class='ocrx_word' id='word_1_351' title='bbox 1223 2849 1344 2906; x_wconf 86' lang='lat' dir='ltr'>maxime</span> <span class='ocrx_word' id='word_1_352' title='bbox 1357 2849 1392 2906; x_wconf 90' lang='lat' dir='ltr'>de</span> <span class='ocrx_word' id='word_1_353' title='bbox 1405 2850 1529 2922; x_wconf 90' lang='lat' dir='ltr'>partibus</span> <span class='ocrx_word' id='word_1_354' title='bbox 1543 2852 1710 2912; x_wconf 88' lang='lat' dir='ltr'>Occidentis.</span> <span class='ocrx_word' id='word_1_355' title='bbox 1727 2856 1773 2914; x_wconf 87' lang='lat' dir='ltr'>Ex</span> 
     </span>
     <span class='ocr_line' id='line_1_54' title="bbox 980 2935 1769 3012; baseline 0.014 -21"><span class='ocrx_word' id='word_1_356' title='bbox 980 2935 1029 2992; x_wconf 90' lang='lat' dir='ltr'>illo</span> <span class='ocrx_word' id='word_1_357' title='bbox 1042 2935 1163 2994; x_wconf 90' lang='lat' dir='ltr'>remedio</span> <span class='ocrx_word' id='word_1_358' title='bbox 1174 2936 1271 2994; x_wconf 79' lang='lat' dir='ltr'>Ariani</span> <span class='ocrx_word' id='word_1_359' title='bbox 1280 2936 1507 2996; x_wconf 83' lang='lat' dir='ltr'>inueneruntsihi</span> <span class='ocrx_word' id='word_1_360' title='bbox 1517 2941 1769 3012; x_wconf 83' lang='lat' dir='ltr'>gonusealumniae:</span> 
     </span>
     <span class='ocr_line' id='line_1_55' title="bbox 980 3025 1773 3098; baseline 0.014 -18"><span class='ocrx_word' id='word_1_361' title='bbox 980 3031 1008 3080; x_wconf 90' lang='lat' dir='ltr'>et</span> <span class='ocrx_word' id='word_1_362' title='bbox 1020 3025 1150 3096; x_wconf 88' lang='lat' dir='ltr'>quoniam</span> <span class='ocrx_word' id='word_1_363' title='bbox 1164 3025 1322 3098; x_wconf 86' lang='lat' dir='ltr'>symbolum</span> <span class='ocrx_word' id='word_1_364' title='bbox 1337 3027 1465 3084; x_wconf 83' lang='lat' dir='ltr'>humanae</span> <span class='ocrx_word' id='word_1_365' title='bbox 1481 3027 1610 3086; x_wconf 76' lang='lat' dir='ltr'>Ecclesiae</span> <span class='ocrx_word' id='word_1_366' title='bbox 1625 3046 1675 3088; x_wconf 87' lang='lat' dir='ltr'>nos</span> <span class='ocrx_word' id='word_1_367' title='bbox 1689 3039 1773 3091; x_wconf 65' lang='lat' dir='ltr'>terte⁸</span> 
     </span>
     <span class='ocr_line' id='line_1_56' title="bbox 980 3112 1771 3188; baseline 0.013 -20"><span class='ocrx_word' id='word_1_368' title='bbox 980 3128 1042 3168; x_wconf 91' lang='lat' dir='ltr'>mus</span> <span class='ocrx_word' id='word_1_369' title='bbox 1054 3113 1106 3184; x_wconf 88' lang='grc'>(3),</span> <span class='ocrx_word' id='word_1_370' title='bbox 1117 3112 1179 3169; x_wconf 89' lang='lat' dir='ltr'>ideo</span> <span class='ocrx_word' id='word_1_371' title='bbox 1193 3113 1333 3170; x_wconf 80' lang='lat' dir='ltr'>visibilem</span> <span class='ocrx_word' id='word_1_372' title='bbox 1349 3123 1377 3170; x_wconf 94' lang='lat' dir='ltr'>et</span> <span class='ocrx_word' id='word_1_373' title='bbox 1391 3113 1548 3188; x_wconf 88' lang='lat' dir='ltr'>passibilem</span> <span class='ocrx_word' id='word_1_374' title='bbox 1563 3116 1671 3175; x_wconf 89' lang='lat' dir='ltr'>Patrem</span> <span class='ocrx_word' id='word_1_375' title='bbox 1683 3119 1771 3178; x_wconf 91' lang='lat' dir='ltr'>omui-</span> 
     </span>
     <span class='ocr_line' id='line_1_57' title="bbox 980 3199 1773 3280; baseline 0.011 -23"><span class='ocrx_word' id='word_1_376' title='bbox 980 3208 1118 3274; x_wconf 88' lang='lat' dir='ltr'>potentem</span> <span class='ocrx_word' id='word_1_377' title='bbox 1142 3199 1185 3256; x_wconf 93' lang='lat' dir='ltr'>illi</span> <span class='ocrx_word' id='word_1_378' title='bbox 1208 3199 1377 3257; x_wconf 75' lang='lat' dir='ltr'>estimarent</span> <span class='ocrx_word' id='word_1_379' title='bbox 1400 3209 1427 3258; x_wconf 91' lang='lat' dir='ltr'>et</span> <span class='ocrx_word' id='word_1_380' title='bbox 1447 3200 1587 3260; x_wconf 89' lang='lat' dir='ltr'>dicerent:</span> <span class='ocrx_word' id='word_1_381' title='bbox 1614 3204 1773 3280; x_wconf 79' lang='lat' dir='ltr'>ridesquia</span> 
     </span>
     <span class='ocr_line' id='line_1_58' title="bbox 979 3286 1770 3366; baseline 0.009 -22"><span class='ocrx_word' id='word_1_382' title='bbox 979 3288 1137 3360; x_wconf 84' lang='lat' dir='ltr'>symbolum</span> <span class='ocrx_word' id='word_1_383' title='bbox 1152 3289 1193 3346; x_wconf 93' lang='lat' dir='ltr'>sic</span> <span class='ocrx_word' id='word_1_384' title='bbox 1206 3288 1318 3356; x_wconf 86' lang='lat' dir='ltr'>habent,</span> <span class='ocrx_word' id='word_1_385' title='bbox 1333 3297 1364 3344; x_wconf 93' lang='grc' dir='ltr'>ιιι</span> <span class='ocrx_word' id='word_1_386' title='bbox 1378 3286 1517 3346; x_wconf 78' lang='lat' dir='ltr'>visibilem</span> <span class='ocrx_word' id='word_1_387' title='bbox 1532 3291 1634 3348; x_wconf 82' lang='lat' dir='ltr'>Filium</span> <span class='ocrx_word' id='word_1_388' title='bbox 1647 3300 1675 3349; x_wconf 93' lang='lat' dir='ltr'>et</span> <span class='ocrx_word' id='word_1_389' title='bbox 1687 3294 1770 3366; x_wconf 87' lang='lat' dir='ltr'>passi·</span> 
     </span>
     <span class='ocr_line' id='line_1_59' title="bbox 979 3376 1769 3454; baseline 0.006 -20"><span class='ocrx_word' id='word_1_390' title='bbox 979 3376 1063 3434; x_wconf 91' lang='lat' dir='ltr'>bilem</span> <span class='ocrx_word' id='word_1_391' title='bbox 1078 3376 1275 3448; x_wconf 77' lang='lat' dir='ltr'>designarent?</span> <span class='ocrx_word' id='word_1_392' title='bbox 1297 3376 1369 3446; x_wconf 89' lang='lat' dir='ltr'>Quid</span> <span class='ocrx_word' id='word_1_393' title='bbox 1384 3377 1472 3452; x_wconf 75' lang='lat' dir='ltr'>ergo?</span> <span class='ocrx_word' id='word_1_394' title='bbox 1494 3377 1546 3436; x_wconf 89' lang='lat' dir='ltr'>Ubi</span> <span class='ocrx_word' id='word_1_395' title='bbox 1570 3378 1639 3438; x_wconf 89' lang='lat' dir='ltr'>iides</span> <span class='ocrx_word' id='word_1_396' title='bbox 1661 3381 1769 3454; x_wconf 87' lang='lat' dir='ltr'>integra</span> 
     </span>
    </p>
   </div>
   <div class='ocr_carea' id='block_1_12' title="bbox 109 3465 1772 5221">
    <p class='ocr_par' dir='ltr' id='par_1_13' title="bbox 109 3465 1772 5221">
     <span class='ocr_line' id='line_1_60' title="bbox 980 3465 1772 3539; baseline 0 -14"><span class='ocrx_word' id='word_1_397' title='bbox 980 3476 1031 3536; x_wconf 91' lang='lat' dir='ltr'>est,</span> <span class='ocrx_word' id='word_1_398' title='bbox 1042 3465 1183 3523; x_wconf 85' lang='lat' dir='ltr'>sufficiunt</span> <span class='ocrx_word' id='word_1_399' title='bbox 1197 3473 1331 3539; x_wconf 85' lang='lat' dir='ltr'>praecepta</span> <span class='ocrx_word' id='word_1_400' title='bbox 1346 3465 1542 3538; x_wconf 89' lang='lat' dir='ltr'>apostolorum.</span> <span class='ocrx_word' id='word_1_401' title='bbox 1553 3467 1772 3526; x_wconf 86' lang='lat' dir='ltr'>Cautioneslicet</span> 
     </span>
     <span class='ocr_line' id='line_1_61' title="bbox 166 3546 1771 3628; baseline 0.007 -23"><span class='ocrx_word' id='word_1_402' title='bbox 166 3549 241 3622; x_wconf 82' lang='lat' dir='ltr'>Ergo</span> <span class='ocrx_word' id='word_1_403' title='bbox 254 3546 372 3622; x_wconf 89' lang='lat' dir='ltr'>apostoli</span> <span class='ocrx_word' id='word_1_404' title='bbox 388 3547 476 3605; x_wconf 85' lang='lat' dir='ltr'>sartcti</span> <span class='ocrx_word' id='word_1_405' title='bbox 489 3548 685 3606; x_wconf 80' lang='lat' dir='ltr'>convenientes</span> <span class='ocrx_word' id='word_1_406' title='bbox 699 3548 823 3606; x_wconf 87' lang='lat' dir='ltr'>lecerunt</span> <span class='ocrx_word' id='word_1_407' title='bbox 844 3566 926 3623; x_wconf 86' lang='lat' dir='ltr'>sym·</span> <span class='ocrx_word' id='word_1_408' title='bbox 979 3556 1150 3614; x_wconf 89' lang='lat' dir='ltr'>sacerdotum</span> <span class='ocrx_word' id='word_1_409' title='bbox 1177 3571 1232 3612; x_wconf 91' lang='lat' dir='ltr'>non</span> <span class='ocrx_word' id='word_1_410' title='bbox 1251 3554 1437 3628; x_wconf 85' lang='lat' dir='ltr'>requirantur.</span> <span class='ocrx_word' id='word_1_411' title='bbox 1462 3551 1576 3622; x_wconf 79' lang='lat' dir='ltr'>Quare?</span> <span class='ocrx_word' id='word_1_412' title='bbox 1596 3555 1660 3627; x_wconf 92' lang='lat' dir='ltr'>quia</span> <span class='ocrx_word' id='word_1_413' title='bbox 1679 3555 1771 3617; x_wconf 86' lang='lat' dir='ltr'>tritico</span> 
     </span>
     <span class='ocr_line' id='line_1_62' title="bbox 125 3636 1304 3710; baseline 0.004 -14"><span class='ocrx_word' id='word_1_414' title='bbox 125 3637 227 3696; x_wconf 86' lang='lat' dir='ltr'>bolum</span> <span class='ocrx_word' id='word_1_415' title='bbox 245 3638 375 3695; x_wconf 84' lang='lat' dir='ltr'>breviter.</span> <span class='ocrx_word' id='word_1_416' title='bbox 402 3637 512 3710; x_wconf 89' lang='lat' dir='ltr'>Signate</span> <span class='ocrx_word' id='word_1_417' title='bbox 528 3653 587 3696; x_wconf 84' lang='lat' dir='ltr'>ros.</span> <span class='ocrx_word' id='word_1_418' title='bbox 616 3636 676 3707; x_wconf 93' lang='lat' dir='ltr'>Quo</span> <span class='ocrx_word' id='word_1_419' title='bbox 696 3639 778 3708; x_wconf 89' lang='lat' dir='ltr'>lacto,</span> <span class='ocrx_word' id='word_1_420' title='bbox 799 3646 827 3695; x_wconf 93' lang='lat' dir='ltr'>et</span> <span class='ocrx_word' id='word_1_421' title='bbox 847 3637 922 3698; x_wconf 89' lang='lat' dir='ltr'>dicte</span> <span class='ocrx_word' id='word_1_422' title='bbox 978 3643 1102 3702; x_wconf 91' lang='lat' dir='ltr'>immista</span> <span class='ocrx_word' id='word_1_423' title='bbox 1112 3643 1216 3700; x_wconf 82' lang='lat' dir='ltr'>zizania</span> <span class='ocrx_word' id='word_1_424' title='bbox 1229 3653 1304 3701; x_wconf 89' lang='lat' dir='ltr'>sunt.</span> 
     </span>
     <span class='ocr_line' id='line_1_63' title="bbox 125 3727 1769 3804; baseline 0.004 -18"><span class='ocrx_word' id='word_1_425' title='bbox 125 3727 276 3800; x_wconf 85' lang='lat' dir='ltr'>symbolo:</span> <span class='ocrx_word' id='word_1_426' title='bbox 294 3728 323 3784; x_wconf 90' lang='lat' dir='ltr'>in</span> <span class='ocrx_word' id='word_1_427' title='bbox 336 3727 389 3784; x_wconf 90' lang='lat' dir='ltr'>hoc</span> <span class='ocrx_word' id='word_1_428' title='bbox 404 3727 531 3802; x_wconf 79' lang='lat' dir='ltr'>synrbolo</span> <span class='ocrx_word' id='word_1_429' title='bbox 544 3727 677 3786; x_wconf 89' lang='lat' dir='ltr'>divinitas</span> <span class='ocrx_word' id='word_1_430' title='bbox 691 3727 834 3786; x_wconf 82' lang='lat' dir='ltr'>Trinitatis</span> <span class='ocrx_word' id='word_1_431' title='bbox 846 3735 922 3786; x_wconf 82' lang='lat' dir='ltr'>aeter·</span> <span class='ocrx_word' id='word_1_432' title='bbox 1014 3732 1086 3790; x_wconf 89' lang='lat' dir='ltr'>lliuc</span> <span class='ocrx_word' id='word_1_433' title='bbox 1095 3730 1264 3804; x_wconf 88' lang='lat' dir='ltr'>symbolum.</span> <span class='ocrx_word' id='word_1_434' title='bbox 1280 3731 1364 3790; x_wconf 82' lang='lat' dir='ltr'>Crede</span> <span class='ocrx_word' id='word_1_435' title='bbox 1374 3731 1480 3790; x_wconf 83' lang='lat' dir='ltr'>unicum</span> <span class='ocrx_word' id='word_1_436' title='bbox 1490 3731 1769 3793; x_wconf 83' lang='lat' dir='ltr'>Dominemnostrttm.</span> 
     </span>
     <span class='ocr_line' id='line_1_64' title="bbox 124 3817 1771 3892; baseline 0.002 -18"><span class='ocrx_word' id='word_1_437' title='bbox 124 3833 173 3874; x_wconf 90' lang='lat' dir='ltr'>naa</span> <span class='ocrx_word' id='word_1_438' title='bbox 188 3817 394 3873; x_wconf 83' lang='lat' dir='ltr'>evidentissime</span> <span class='ocrx_word' id='word_1_439' title='bbox 407 3818 604 3889; x_wconf 87' lang='lat' dir='ltr'>eonrprehensa</span> <span class='ocrx_word' id='word_1_440' title='bbox 622 3825 664 3876; x_wconf 89' lang='grc' dir='ltr'>ιιι</span> <span class='ocrx_word' id='word_1_441' title='bbox 685 3819 768 3876; x_wconf 90' lang='lat' dir='ltr'>unius</span> <span class='ocrx_word' id='word_1_442' title='bbox 783 3818 924 3892; x_wconf 87' lang='lat' dir='ltr'>operatio·</span> <span class='ocrx_word' id='word_1_443' title='bbox 978 3820 1125 3879; x_wconf 88' lang='lat' dir='ltr'>Sicdicite:</span> <span class='ocrx_word' id='word_1_444' title='bbox 1139 3820 1239 3876; x_wconf 83' lang='lat' dir='ltr'>Filium</span> <span class='ocrx_word' id='word_1_445' title='bbox 1251 3819 1503 3888; x_wconf 67' lang='lat' dir='ltr'>quaererentur</span> <span class='ocrx_word' id='word_1_446' title='bbox 1513 3819 1612 3876; x_wconf 88' lang='lat' dir='ltr'>unicus</span> <span class='ocrx_word' id='word_1_447' title='bbox 1621 3821 1771 3880; x_wconf 73' lang='lat' dir='ltr'>Dominus?</span> 
     </span>
     <span class='ocr_line' id='line_1_65' title="bbox 124 3903 1770 3975; baseline 0.002 -14"><span class='ocrx_word' id='word_1_448' title='bbox 124 3904 184 3961; x_wconf 89' lang='lat' dir='ltr'>nis.</span> <span class='ocrx_word' id='word_1_449' title='bbox 207 3905 313 3960; x_wconf 86' lang='lat' dir='ltr'>Patrem</span> <span class='ocrx_word' id='word_1_450' title='bbox 325 3911 349 3958; x_wconf 83' lang='lat' dir='ltr'>et</span> <span class='ocrx_word' id='word_1_451' title='bbox 363 3903 464 3960; x_wconf 81' lang='lat' dir='ltr'>Filium</span> <span class='ocrx_word' id='word_1_452' title='bbox 477 3913 501 3960; x_wconf 86' lang='lat' dir='ltr'>et</span> <span class='ocrx_word' id='word_1_453' title='bbox 514 3908 645 3975; x_wconf 82' lang='lat' dir='ltr'>Spiritum</span> <span class='ocrx_word' id='word_1_454' title='bbox 663 3914 794 3975; x_wconf 83' lang='lat' dir='ltr'>sunctum,</span> <span class='ocrx_word' id='word_1_455' title='bbox 818 3909 870 3966; x_wconf 91' lang='lat' dir='ltr'>huc</span> <span class='ocrx_word' id='word_1_456' title='bbox 883 3916 924 3968; x_wconf 90' lang='lat' dir='ltr'>est</span> <span class='ocrx_word' id='word_1_457' title='bbox 978 3909 1055 3965; x_wconf 89' lang='lat' dir='ltr'>Unus</span> <span class='ocrx_word' id='word_1_458' title='bbox 1071 3909 1144 3964; x_wconf 88' lang='lat' dir='ltr'>Deus</span> <span class='ocrx_word' id='word_1_459' title='bbox 1164 3916 1215 3974; x_wconf 89' lang='lat' dir='ltr'>est,</span> <span class='ocrx_word' id='word_1_460' title='bbox 1231 3922 1302 3962; x_wconf 89' lang='lat' dir='ltr'>unus</span> <span class='ocrx_word' id='word_1_461' title='bbox 1316 3914 1344 3963; x_wconf 92' lang='lat' dir='ltr'>et</span> <span class='ocrx_word' id='word_1_462' title='bbox 1361 3905 1515 3962; x_wconf 89' lang='lat' dir='ltr'>Dominus:</span> <span class='ocrx_word' id='word_1_463' title='bbox 1544 3905 1591 3962; x_wconf 75' lang='lat' dir='ltr'>secl</span> <span class='ocrx_word' id='word_1_464' title='bbox 1611 3921 1646 3964; x_wconf 91' lang='lat' dir='ltr'>ne</span> <span class='ocrx_word' id='word_1_465' title='bbox 1668 3909 1770 3964; x_wconf 87' lang='lat' dir='ltr'>calum·</span> 
     </span>
     <span class='ocr_line' id='line_1_66' title="bbox 123 3989 1771 4066; baseline 0 -16"><span class='ocrx_word' id='word_1_466' title='bbox 123 3990 317 4050; x_wconf 86' lang='lat' dir='ltr'>venerabitem</span> <span class='ocrx_word' id='word_1_467' title='bbox 332 3989 505 4048; x_wconf 87' lang='lat' dir='ltr'>Trinitatem.</span> <span class='ocrx_word' id='word_1_468' title='bbox 532 3993 569 4047; x_wconf 85' lang='lat' dir='ltr'>lit</span> <span class='ocrx_word' id='word_1_469' title='bbox 590 3992 664 4064; x_wconf 94' lang='lat' dir='ltr'>quod</span> <span class='ocrx_word' id='word_1_470' title='bbox 683 3993 751 4051; x_wconf 89' lang='lat' dir='ltr'>tides</span> <span class='ocrx_word' id='word_1_471' title='bbox 770 4003 863 4052; x_wconf 91' lang='lat' dir='ltr'>nostra</span> <span class='ocrx_word' id='word_1_472' title='bbox 885 3997 924 4054; x_wconf 90' lang='lat' dir='ltr'>ita</span> <span class='ocrx_word' id='word_1_473' title='bbox 979 3994 1091 4051; x_wconf 92' lang='lat' dir='ltr'>nientnr</span> <span class='ocrx_word' id='word_1_474' title='bbox 1108 4001 1135 4051; x_wconf 90' lang='lat' dir='ltr'>et</span> <span class='ocrx_word' id='word_1_475' title='bbox 1153 3992 1257 4061; x_wconf 86' lang='lat' dir='ltr'>droant,</span> <span class='ocrx_word' id='word_1_476' title='bbox 1282 3992 1347 4066; x_wconf 86' lang='lat' dir='ltr'>quis</span> <span class='ocrx_word' id='word_1_477' title='bbox 1360 4008 1415 4049; x_wconf 91' lang='lat' dir='ltr'>una</span> <span class='ocrx_word' id='word_1_478' title='bbox 1428 4007 1544 4064; x_wconf 89' lang='lat' dir='ltr'>persona</span> <span class='ocrx_word' id='word_1_479' title='bbox 1568 3991 1621 4064; x_wconf 85' lang='lat' dir='ltr'>(h),</span> <span class='ocrx_word' id='word_1_480' title='bbox 1647 3993 1771 4050; x_wconf 89' lang='lat' dir='ltr'>dicamus</span> 
     </span>
     <span class='ocr_line' id='line_1_67' title="bbox 122 4075 1771 4150; baseline -0.001 -11"><span class='ocrx_word' id='word_1_481' title='bbox 122 4081 179 4148; x_wconf 87' lang='lat' dir='ltr'>sit,</span> <span class='ocrx_word' id='word_1_482' title='bbox 203 4086 235 4136; x_wconf 92' lang='lat' dir='ltr'>ut</span> <span class='ocrx_word' id='word_1_483' title='bbox 249 4075 307 4150; x_wconf 91' lang='lat' dir='ltr'>pari</span> <span class='ocrx_word' id='word_1_484' title='bbox 322 4091 419 4148; x_wconf 89' lang='lat' dir='ltr'>genere</span> <span class='ocrx_word' id='word_1_485' title='bbox 438 4077 582 4134; x_wconf 89' lang='lat' dir='ltr'>credamus</span> <span class='ocrx_word' id='word_1_486' title='bbox 596 4079 626 4134; x_wconf 94' lang='lat' dir='ltr'>in</span> <span class='ocrx_word' id='word_1_487' title='bbox 640 4078 748 4137; x_wconf 88' lang='lat' dir='ltr'>Patrem</span> <span class='ocrx_word' id='word_1_488' title='bbox 769 4093 797 4137; x_wconf 90' lang='lat' dir='ltr'>et</span> <span class='ocrx_word' id='word_1_489' title='bbox 820 4081 922 4142; x_wconf 86' lang='lat' dir='ltr'>Filium</span> <span class='ocrx_word' id='word_1_490' title='bbox 978 4081 1080 4140; x_wconf 85' lang='lat' dir='ltr'>Filium</span> <span class='ocrx_word' id='word_1_491' title='bbox 1093 4087 1174 4138; x_wconf 88' lang='lat' dir='ltr'>etiam</span> <span class='ocrx_word' id='word_1_492' title='bbox 1189 4081 1303 4139; x_wconf 89' lang='lat' dir='ltr'>unicum</span> <span class='ocrx_word' id='word_1_493' title='bbox 1318 4079 1468 4138; x_wconf 88' lang='lat' dir='ltr'>Dominum</span> <span class='ocrx_word' id='word_1_494' title='bbox 1482 4086 1619 4137; x_wconf 87' lang='lat' dir='ltr'>nostrum.</span> <span class='ocrx_word' id='word_1_495' title='bbox 1643 4078 1713 4147; x_wconf 83' lang='lat' dir='ltr'>Quia</span> <span class='ocrx_word' id='word_1_496' title='bbox 1736 4079 1771 4138; x_wconf 90' lang='lat' dir='ltr'>de</span> 
     </span>
     <span class='ocr_line' id='line_1_68' title="bbox 120 4159 1770 4242; baseline -0.003 -13"><span class='ocrx_word' id='word_1_497' title='bbox 120 4179 154 4230; x_wconf 90' lang='lat' dir='ltr'>et</span> <span class='ocrx_word' id='word_1_498' title='bbox 170 4169 304 4242; x_wconf 88' lang='lat' dir='ltr'>Spiritum</span> <span class='ocrx_word' id='word_1_499' title='bbox 320 4159 461 4222; x_wconf 68' lang='lat' dir='ltr'>unctum?</span> <span class='ocrx_word' id='word_1_500' title='bbox 472 4163 524 4222; x_wconf 90' lang='lat' dir='ltr'>Ubi</span> <span class='ocrx_word' id='word_1_501' title='bbox 539 4166 614 4222; x_wconf 90' lang='lat' dir='ltr'>enim</span> <span class='ocrx_word' id='word_1_502' title='bbox 630 4168 707 4224; x_wconf 91' lang='lat' dir='ltr'>nulla</span> <span class='ocrx_word' id='word_1_503' title='bbox 724 4169 854 4227; x_wconf 88' lang='lat' dir='ltr'>discretio</span> <span class='ocrx_word' id='word_1_504' title='bbox 868 4187 923 4229; x_wconf 92' lang='lat' dir='ltr'>ma·</span> <span class='ocrx_word' id='word_1_505' title='bbox 977 4167 1124 4227; x_wconf 85' lang='lat' dir='ltr'>divinitate</span> <span class='ocrx_word' id='word_1_506' title='bbox 1139 4167 1226 4224; x_wconf 88' lang='lat' dir='ltr'>Patris</span> <span class='ocrx_word' id='word_1_507' title='bbox 1238 4177 1265 4225; x_wconf 91' lang='lat' dir='ltr'>et</span> <span class='ocrx_word' id='word_1_508' title='bbox 1279 4166 1345 4224; x_wconf 86' lang='lat' dir='ltr'>Filii</span> <span class='ocrx_word' id='word_1_509' title='bbox 1360 4167 1471 4224; x_wconf 83' lang='lat' dir='ltr'>venitur</span> <span class='ocrx_word' id='word_1_510' title='bbox 1491 4165 1525 4224; x_wconf 89' lang='lat' dir='ltr'>ad</span> <span class='ocrx_word' id='word_1_511' title='bbox 1550 4165 1770 4224; x_wconf 89' lang='lat' dir='ltr'>incarnationem</span> 
     </span>
     <span class='ocr_line' id='line_1_69' title="bbox 115 4252 1769 4335; baseline -0.002 -19"><span class='ocrx_word' id='word_1_512' title='bbox 115 4259 235 4335; x_wconf 80' lang='lat' dir='ltr'>jestatis</span> <span class='ocrx_word' id='word_1_513' title='bbox 255 4264 307 4325; x_wconf 89' lang='lat' dir='ltr'>est,</span> <span class='ocrx_word' id='word_1_514' title='bbox 332 4271 383 4312; x_wconf 91' lang='lat' dir='ltr'>nec</span> <span class='ocrx_word' id='word_1_515' title='bbox 397 4253 461 4310; x_wconf 87' lang='lat' dir='ltr'>hdei</span> <span class='ocrx_word' id='word_1_516' title='bbox 476 4253 557 4311; x_wconf 90' lang='lat' dir='ltr'>dehet</span> <span class='ocrx_word' id='word_1_517' title='bbox 575 4271 634 4313; x_wconf 90' lang='lat' dir='ltr'>esse</span> <span class='ocrx_word' id='word_1_518' title='bbox 652 4255 791 4314; x_wconf 90' lang='lat' dir='ltr'>discretio.</span> <span class='ocrx_word' id='word_1_519' title='bbox 817 4259 923 4319; x_wconf 90' lang='lat' dir='ltr'>Deinde</span> <span class='ocrx_word' id='word_1_520' title='bbox 978 4255 1065 4330; x_wconf 89' lang='lat' dir='ltr'>ipsius</span> <span class='ocrx_word' id='word_1_521' title='bbox 1092 4256 1139 4326; x_wconf 85' lang='lat' dir='ltr'>qni</span> <span class='ocrx_word' id='word_1_522' title='bbox 1160 4262 1239 4311; x_wconf 85' lang='lat' dir='ltr'>natas</span> <span class='ocrx_word' id='word_1_523' title='bbox 1258 4261 1284 4311; x_wconf 82' lang='lat' dir='ltr'>et</span> <span class='ocrx_word' id='word_1_524' title='bbox 1301 4256 1436 4328; x_wconf 78' lang='lat' dir='ltr'>sepultae:</span> <span class='ocrx_word' id='word_1_525' title='bbox 1460 4252 1543 4310; x_wconf 90' lang='lat' dir='ltr'>habes</span> <span class='ocrx_word' id='word_1_526' title='bbox 1565 4260 1592 4309; x_wconf 92' lang='grc' dir='ltr'>ιι</span> <span class='ocrx_word' id='word_1_527' title='bbox 1616 4252 1769 4325; x_wconf 87' lang='lat' dir='ltr'>passionem</span> 
     </span>
     <span class='ocr_line' id='line_1_70' title="bbox 120 4339 1771 4421; baseline -0.004 -13"><span class='ocrx_word' id='word_1_528' title='bbox 120 4351 288 4421; x_wconf 82' lang='lat' dir='ltr'>frequenter</span> <span class='ocrx_word' id='word_1_529' title='bbox 312 4344 455 4414; x_wconf 87' lang='lat' dir='ltr'>admonui,</span> <span class='ocrx_word' id='word_1_530' title='bbox 474 4343 547 4418; x_wconf 89' lang='lat' dir='ltr'>quod</span> <span class='ocrx_word' id='word_1_531' title='bbox 574 4345 709 4402; x_wconf 88' lang='lat' dir='ltr'>Dominus</span> <span class='ocrx_word' id='word_1_532' title='bbox 733 4357 825 4405; x_wconf 87' lang='lat' dir='ltr'>uester</span> <span class='ocrx_word' id='word_1_533' title='bbox 844 4350 922 4406; x_wconf 87' lang='lat' dir='ltr'>lesus</span> <span class='ocrx_word' id='word_1_534' title='bbox 978 4343 1074 4417; x_wconf 90' lang='lat' dir='ltr'>ipsius,</span> <span class='ocrx_word' id='word_1_535' title='bbox 1098 4353 1125 4400; x_wconf 91' lang='lat' dir='ltr'>et</span> <span class='ocrx_word' id='word_1_536' title='bbox 1139 4344 1318 4416; x_wconf 86' lang='lat' dir='ltr'>sepulturam.</span> <span class='ocrx_word' id='word_1_537' title='bbox 1346 4342 1434 4402; x_wconf 83' lang='lat' dir='ltr'>Tertio</span> <span class='ocrx_word' id='word_1_538' title='bbox 1447 4341 1519 4398; x_wconf 87' lang='lat' dir='ltr'>dieu</span> <span class='ocrx_word' id='word_1_539' title='bbox 1533 4340 1664 4407; x_wconf 84' lang='lat' dir='ltr'>mertuis;</span> <span class='ocrx_word' id='word_1_540' title='bbox 1685 4339 1771 4400; x_wconf 85' lang='lat' dir='ltr'>hebes</span> 
     </span>
     <span class='ocr_line' id='line_1_71' title="bbox 117 4429 1771 4511; baseline -0.004 -17"><span class='ocrx_word' id='word_1_541' title='bbox 117 4437 256 4500; x_wconf 84' lang='lat' dir='ltr'>Christus</span> <span class='ocrx_word' id='word_1_542' title='bbox 276 4433 365 4492; x_wconf 84' lang='lat' dir='ltr'>Filius</span> <span class='ocrx_word' id='word_1_543' title='bbox 383 4433 433 4492; x_wconf 90' lang='lat' dir='ltr'>Dei</span> <span class='ocrx_word' id='word_1_544' title='bbox 456 4435 531 4491; x_wconf 89' lang='lat' dir='ltr'>solus</span> <span class='ocrx_word' id='word_1_545' title='bbox 551 4449 661 4492; x_wconf 89' lang='lat' dir='ltr'>carnem</span> <span class='ocrx_word' id='word_1_546' title='bbox 683 4435 764 4493; x_wconf 89' lang='lat' dir='ltr'>istam</span> <span class='ocrx_word' id='word_1_547' title='bbox 791 4437 920 4511; x_wconf 89' lang='lat' dir='ltr'>suscepit,</span> <span class='ocrx_word' id='word_1_548' title='bbox 977 4439 1005 4492; x_wconf 89' lang='grc' dir='ltr'>ιι</span> <span class='ocrx_word' id='word_1_549' title='bbox 1027 4432 1255 4490; x_wconf 86' lang='lat' dir='ltr'>resurrectionem</span> <span class='ocrx_word' id='word_1_550' title='bbox 1274 4430 1342 4503; x_wconf 88' lang='lat' dir='ltr'>ejus.</span> <span class='ocrx_word' id='word_1_551' title='bbox 1368 4429 1492 4486; x_wconf 76' lang='lat' dir='ltr'>Aarorrttt</span> <span class='ocrx_word' id='word_1_552' title='bbox 1505 4436 1530 4486; x_wconf 89' lang='lat' dir='ltr'>et</span> <span class='ocrx_word' id='word_1_553' title='bbox 1542 4429 1609 4486; x_wconf 86' lang='lat' dir='ltr'>sedet</span> <span class='ocrx_word' id='word_1_554' title='bbox 1623 4429 1658 4488; x_wconf 81' lang='lat' dir='ltr'>od</span> <span class='ocrx_word' id='word_1_555' title='bbox 1677 4430 1771 4488; x_wconf 81' lang='grc' dir='ltr'>ιιιιιι-</span> 
     </span>
     <span class='ocr_line' id='line_1_72' title="bbox 116 4519 1769 4600; baseline -0.005 -13"><span class='ocrx_word' id='word_1_556' title='bbox 116 4528 251 4600; x_wconf 89' lang='lat' dir='ltr'>corporis</span> <span class='ocrx_word' id='word_1_557' title='bbox 264 4525 363 4582; x_wconf 83' lang='lat' dir='ltr'>iorrrra.</span> <span class='ocrx_word' id='word_1_558' title='bbox 387 4524 516 4598; x_wconf 87' lang='lat' dir='ltr'>Corporis</span> <span class='ocrx_word' id='word_1_559' title='bbox 542 4525 622 4584; x_wconf 90' lang='lat' dir='ltr'>istius</span> <span class='ocrx_word' id='word_1_560' title='bbox 640 4526 754 4585; x_wconf 84' lang='lat' dir='ltr'>veritate</span> <span class='ocrx_word' id='word_1_561' title='bbox 778 4528 866 4585; x_wconf 87' lang='lat' dir='ltr'>lactus</span> <span class='ocrx_word' id='word_1_562' title='bbox 881 4535 923 4586; x_wconf 89' lang='lat' dir='ltr'>est</span> <span class='ocrx_word' id='word_1_563' title='bbox 976 4542 1036 4582; x_wconf 89' lang='lat' dir='ltr'>rem</span> <span class='ocrx_word' id='word_1_564' title='bbox 1051 4523 1152 4581; x_wconf 86' lang='lat' dir='ltr'>Putris.</span> <span class='ocrx_word' id='word_1_565' title='bbox 1174 4523 1258 4580; x_wconf 87' lang='lat' dir='ltr'>Vides</span> <span class='ocrx_word' id='word_1_566' title='bbox 1273 4539 1336 4598; x_wconf 87' lang='lat' dir='ltr'>ergo</span> <span class='ocrx_word' id='word_1_567' title='bbox 1349 4522 1414 4596; x_wconf 88' lang='lat' dir='ltr'>quia</span> <span class='ocrx_word' id='word_1_568' title='bbox 1430 4536 1493 4580; x_wconf 89' lang='lat' dir='ltr'>caru</span> <span class='ocrx_word' id='word_1_569' title='bbox 1507 4519 1650 4578; x_wconf 89' lang='lat' dir='ltr'>divinitati</span> <span class='ocrx_word' id='word_1_570' title='bbox 1670 4520 1769 4580; x_wconf 87' lang='lat' dir='ltr'>irnrni-</span> 
     </span>
     <span class='ocr_line' id='line_1_73' title="bbox 116 4609 1769 4691; baseline -0.006 -13"><span class='ocrx_word' id='word_1_571' title='bbox 116 4627 154 4678; x_wconf 90' lang='grc' dir='ltr'>ιιι</span> <span class='ocrx_word' id='word_1_572' title='bbox 173 4618 273 4674; x_wconf 82' lang='lat' dir='ltr'>lrorrro:</span> <span class='ocrx_word' id='word_1_573' title='bbox 298 4617 346 4674; x_wconf 88' lang='lat' dir='ltr'>sed</span> <span class='ocrx_word' id='word_1_574' title='bbox 360 4615 442 4672; x_wconf 89' lang='lat' dir='ltr'>hahet</span> <span class='ocrx_word' id='word_1_575' title='bbox 457 4615 595 4690; x_wconf 89' lang='lat' dir='ltr'>singulare</span> <span class='ocrx_word' id='word_1_576' title='bbox 608 4617 783 4690; x_wconf 83' lang='lat' dir='ltr'>privilegium</span> <span class='ocrx_word' id='word_1_577' title='bbox 805 4635 923 4691; x_wconf 89' lang='lat' dir='ltr'>genera·</span> <span class='ocrx_word' id='word_1_578' title='bbox 977 4629 1060 4670; x_wconf 88' lang='lat' dir='ltr'>nuere</span> <span class='ocrx_word' id='word_1_579' title='bbox 1075 4611 1115 4669; x_wconf 91' lang='lat' dir='ltr'>nil</span> <span class='ocrx_word' id='word_1_580' title='bbox 1131 4613 1240 4686; x_wconf 87' lang='lat' dir='ltr'>potuit;</span> <span class='ocrx_word' id='word_1_581' title='bbox 1264 4611 1321 4667; x_wconf 87' lang='lat' dir='ltr'>into</span> <span class='ocrx_word' id='word_1_582' title='bbox 1345 4610 1379 4665; x_wconf 91' lang='lat' dir='ltr'>de</span> <span class='ocrx_word' id='word_1_583' title='bbox 1403 4609 1591 4667; x_wconf 87' lang='lat' dir='ltr'>incarnatione</span> <span class='ocrx_word' id='word_1_584' title='bbox 1610 4609 1769 4684; x_wconf 89' lang='lat' dir='ltr'>triumphus</span> 
     </span>
     <span class='ocr_line' id='line_1_74' title="bbox 115 4699 1769 4776; baseline -0.005 -12"><span class='ocrx_word' id='word_1_585' title='bbox 115 4705 212 4764; x_wconf 90' lang='lat' dir='ltr'>tionis</span> <span class='ocrx_word' id='word_1_586' title='bbox 221 4721 294 4761; x_wconf 83' lang='lat' dir='ltr'>sum:</span> <span class='ocrx_word' id='word_1_587' title='bbox 312 4719 366 4759; x_wconf 90' lang='lat' dir='ltr'>non</span> <span class='ocrx_word' id='word_1_588' title='bbox 382 4703 456 4759; x_wconf 87' lang='lat' dir='ltr'>enirn</span> <span class='ocrx_word' id='word_1_589' title='bbox 472 4719 507 4760; x_wconf 87' lang='lat' dir='ltr'>ex</span> <span class='ocrx_word' id='word_1_590' title='bbox 522 4703 598 4760; x_wconf 80' lang='lat' dir='ltr'>uirili</span> <span class='ocrx_word' id='word_1_591' title='bbox 612 4713 693 4762; x_wconf 88' lang='lat' dir='ltr'>natus</span> <span class='ocrx_word' id='word_1_592' title='bbox 707 4715 748 4762; x_wconf 92' lang='lat' dir='ltr'>est</span> <span class='ocrx_word' id='word_1_593' title='bbox 757 4707 921 4776; x_wconf 88' lang='lat' dir='ltr'>sernine,sed</span> <span class='ocrx_word' id='word_1_594' title='bbox 977 4719 1091 4775; x_wconf 87' lang='lat' dir='ltr'>magnus</span> <span class='ocrx_word' id='word_1_595' title='bbox 1107 4701 1236 4776; x_wconf 75' lang='lat' dir='ltr'>quesitus</span> <span class='ocrx_word' id='word_1_596' title='bbox 1250 4703 1291 4758; x_wconf 76' lang='grc' dir='ltr'>ιιι</span> <span class='ocrx_word' id='word_1_597' title='bbox 1305 4699 1425 4759; x_wconf 88' lang='lat' dir='ltr'>Christo.</span> <span class='ocrx_word' id='word_1_598' title='bbox 1440 4699 1500 4767; x_wconf 89' lang='lat' dir='ltr'>Qua</span> <span class='ocrx_word' id='word_1_599' title='bbox 1514 4699 1619 4755; x_wconf 87' lang='lat' dir='ltr'>ratione</span> <span class='ocrx_word' id='word_1_600' title='bbox 1632 4699 1706 4756; x_wconf 89' lang='lat' dir='ltr'>enim</span> <span class='ocrx_word' id='word_1_601' title='bbox 1721 4700 1769 4756; x_wconf 92' lang='lat' dir='ltr'>nbi</span> 
     </span>
     <span class='ocr_line' id='line_1_75' title="bbox 113 4787 1769 4869; baseline -0.004 -17"><span class='ocrx_word' id='word_1_602' title='bbox 113 4801 264 4869; x_wconf 77' lang='lat' dir='ltr'>perier-otus</span> <span class='ocrx_word' id='word_1_603' title='bbox 284 4793 397 4864; x_wconf 75' lang='lat' dir='ltr'>Spiritus,</span> <span class='ocrx_word' id='word_1_604' title='bbox 413 4792 514 4865; x_wconf 90' lang='lat' dir='ltr'>inquit,</span> <span class='ocrx_word' id='word_1_605' title='bbox 530 4798 619 4849; x_wconf 79' lang='lat' dir='ltr'>rotulo</span> <span class='ocrx_word' id='word_1_606' title='bbox 641 4811 673 4850; x_wconf 80' lang='lat' dir='ltr'>ts</span> <span class='ocrx_word' id='word_1_607' title='bbox 695 4795 786 4854; x_wconf 78' lang='lat' dir='ltr'>Marta</span> <span class='ocrx_word' id='word_1_608' title='bbox 809 4795 919 4868; x_wconf 78' lang='lat' dir='ltr'>oia-gine.</span> <span class='ocrx_word' id='word_1_609' title='bbox 977 4791 1010 4850; x_wconf 87' lang='lat' dir='ltr'>de</span> <span class='ocrx_word' id='word_1_610' title='bbox 1025 4801 1111 4850; x_wconf 89' lang='lat' dir='ltr'>morte</span> <span class='ocrx_word' id='word_1_611' title='bbox 1126 4791 1259 4860; x_wconf 88' lang='lat' dir='ltr'>ascendit,</span> <span class='ocrx_word' id='word_1_612' title='bbox 1275 4789 1351 4848; x_wconf 88' lang='lat' dir='ltr'>sedet</span> <span class='ocrx_word' id='word_1_613' title='bbox 1364 4789 1398 4846; x_wconf 91' lang='lat' dir='ltr'>ad</span> <span class='ocrx_word' id='word_1_614' title='bbox 1412 4789 1552 4846; x_wconf 77' lang='lat' dir='ltr'>dexteram</span> <span class='ocrx_word' id='word_1_615' title='bbox 1564 4788 1672 4846; x_wconf 80' lang='lat' dir='ltr'>Patris?</span> <span class='ocrx_word' id='word_1_616' title='bbox 1685 4787 1769 4856; x_wconf 87' lang='lat' dir='ltr'>Quasi</span> 
     </span>
     <span class='ocr_line' id='line_1_76' title="bbox 113 4876 1768 4958; baseline -0.007 -16"><span class='ocrx_word' id='word_1_617' title='bbox 113 4881 337 4953; x_wconf 75' lang='lat' dir='ltr'>Praerogativam</span> <span class='ocrx_word' id='word_1_618' title='bbox 348 4881 468 4937; x_wconf 85' lang='lat' dir='ltr'>auctoris</span> <span class='ocrx_word' id='word_1_619' title='bbox 477 4880 596 4937; x_wconf 70' lang='lat' dir='ltr'>coelestis</span> <span class='ocrx_word' id='word_1_620' title='bbox 606 4882 849 4953; x_wconf 78' lang='lat' dir='ltr'>agnoscis3lactus</span> <span class='ocrx_word' id='word_1_621' title='bbox 861 4885 919 4957; x_wconf 91' lang='lat' dir='ltr'>qui·</span> <span class='ocrx_word' id='word_1_622' title='bbox 976 4883 1022 4958; x_wconf 91' lang='lat' dir='ltr'>qui</span> <span class='ocrx_word' id='word_1_623' title='bbox 1048 4881 1121 4938; x_wconf 85' lang='lat' dir='ltr'>Patri</span> <span class='ocrx_word' id='word_1_624' title='bbox 1141 4879 1266 4938; x_wconf 88' lang='lat' dir='ltr'>retulerit</span> <span class='ocrx_word' id='word_1_625' title='bbox 1289 4878 1368 4936; x_wconf 81' lang='lat' dir='ltr'>bone</span> <span class='ocrx_word' id='word_1_626' title='bbox 1387 4877 1507 4934; x_wconf 82' lang='lat' dir='ltr'>fructnrn</span> <span class='ocrx_word' id='word_1_627' title='bbox 1525 4876 1684 4934; x_wconf 84' lang='lat' dir='ltr'>voluntatis.</span> <span class='ocrx_word' id='word_1_628' title='bbox 1708 4877 1768 4932; x_wconf 91' lang='lat' dir='ltr'>Duo</span> 
     </span>
     <span class='ocr_line' id='line_1_77' title="bbox 112 4965 1766 5037; baseline -0.004 -10"><span class='ocrx_word' id='word_1_629' title='bbox 112 4973 188 5030; x_wconf 89' lang='lat' dir='ltr'>dcrn</span> <span class='ocrx_word' id='word_1_630' title='bbox 204 4976 235 5024; x_wconf 94' lang='lat' dir='ltr'>ut</span> <span class='ocrx_word' id='word_1_631' title='bbox 249 4969 343 5037; x_wconf 88' lang='lat' dir='ltr'>honto,</span> <span class='ocrx_word' id='word_1_632' title='bbox 367 4975 399 5022; x_wconf 91' lang='lat' dir='ltr'>ut</span> <span class='ocrx_word' id='word_1_633' title='bbox 413 4967 587 5024; x_wconf 89' lang='lat' dir='ltr'>inhrrnitates</span> <span class='ocrx_word' id='word_1_634' title='bbox 603 4975 711 5024; x_wconf 88' lang='lat' dir='ltr'>nostras</span> <span class='ocrx_word' id='word_1_635' title='bbox 732 4969 761 5026; x_wconf 91' lang='lat' dir='ltr'>in</span> <span class='ocrx_word' id='word_1_636' title='bbox 777 4987 825 5026; x_wconf 89' lang='lat' dir='ltr'>sua</span> <span class='ocrx_word' id='word_1_637' title='bbox 838 4987 920 5028; x_wconf 80' lang='grc' dir='ltr'>ιιιιιι</span> <span class='ocrx_word' id='word_1_638' title='bbox 976 4971 1076 5030; x_wconf 90' lang='lat' dir='ltr'>habes:</span> <span class='ocrx_word' id='word_1_639' title='bbox 1106 4971 1227 5028; x_wconf 78' lang='lat' dir='ltr'>surreuit</span> <span class='ocrx_word' id='word_1_640' title='bbox 1238 4988 1256 5026; x_wconf 89' lang='lat' dir='ltr'>o</span> <span class='ocrx_word' id='word_1_641' title='bbox 1269 4975 1361 5037; x_wconf 78' lang='grc' dir='ltr'>ιιιινιι,</span> <span class='ocrx_word' id='word_1_642' title='bbox 1385 4967 1453 5023; x_wconf 80' lang='lat' dir='ltr'>sedet</span> <span class='ocrx_word' id='word_1_643' title='bbox 1466 4967 1502 5023; x_wconf 91' lang='lat' dir='ltr'>od</span> <span class='ocrx_word' id='word_1_644' title='bbox 1516 4967 1651 5023; x_wconf 77' lang='lat' dir='ltr'>dexterum</span> <span class='ocrx_word' id='word_1_645' title='bbox 1666 4965 1766 5021; x_wconf 87' lang='lat' dir='ltr'>Petris.</span> 
     </span>
     <span class='ocr_line' id='line_1_78' title="bbox 110 5055 1767 5135; baseline -0.004 -17"><span class='ocrx_word' id='word_1_646' title='bbox 110 5057 335 5130; x_wconf 75' lang='lat' dir='ltr'>sarsetporetsal</span> <span class='ocrx_word' id='word_1_647' title='bbox 350 5073 413 5113; x_wconf 89' lang='lat' dir='ltr'>cum</span> <span class='ocrx_word' id='word_1_648' title='bbox 429 5056 576 5130; x_wconf 79' lang='lat' dir='ltr'>priuilegio</span> <span class='ocrx_word' id='word_1_649' title='bbox 589 5057 666 5113; x_wconf 83' lang='lat' dir='ltr'>uenit</span> <span class='ocrx_word' id='word_1_650' title='bbox 680 5057 830 5130; x_wconf 86' lang='lat' dir='ltr'>nrajestatis</span> <span class='ocrx_word' id='word_1_651' title='bbox 843 5068 919 5117; x_wconf 83' lang='lat' dir='ltr'>uter·</span> <span class='ocrx_word' id='word_1_652' title='bbox 976 5063 1089 5120; x_wconf 80' lang='lat' dir='ltr'>Nullum</span> <span class='ocrx_word' id='word_1_653' title='bbox 1105 5078 1170 5135; x_wconf 92' lang='lat' dir='ltr'>crgo</span> <span class='ocrx_word' id='word_1_654' title='bbox 1194 5061 1284 5134; x_wconf 91' lang='lat' dir='ltr'>potuit</span> <span class='ocrx_word' id='word_1_655' title='bbox 1296 5059 1392 5116; x_wconf 88' lang='lat' dir='ltr'>allerre</span> <span class='ocrx_word' id='word_1_656' title='bbox 1415 5073 1479 5117; x_wconf 91' lang='lat' dir='ltr'>caro</span> <span class='ocrx_word' id='word_1_657' title='bbox 1495 5055 1653 5114; x_wconf 82' lang='lat' dir='ltr'>diuinitatis</span> <span class='ocrx_word' id='word_1_658' title='bbox 1673 5055 1767 5127; x_wconf 82' lang='lat' dir='ltr'>gloriae</span> 
     </span>
     <span class='ocr_line' id='line_1_79' title="bbox 109 5142 1767 5221; baseline -0.005 -15"><span class='ocrx_word' id='word_1_659' title='bbox 109 5166 177 5210; x_wconf 81' lang='lat' dir='ltr'>nac.</span> <span class='ocrx_word' id='word_1_660' title='bbox 204 5147 276 5218; x_wconf 82' lang='lat' dir='ltr'>lingo</span> <span class='ocrx_word' id='word_1_661' title='bbox 299 5145 423 5202; x_wconf 88' lang='lat' dir='ltr'>dicamus</span> <span class='ocrx_word' id='word_1_662' title='bbox 437 5144 606 5218; x_wconf 85' lang='lat' dir='ltr'>symbolum.</span> <span class='ocrx_word' id='word_1_663' title='bbox 631 5146 678 5219; x_wconf 83' lang='lat' dir='ltr'>(Et</span> <span class='ocrx_word' id='word_1_664' title='bbox 704 5163 766 5204; x_wconf 87' lang='lat' dir='ltr'>curn</span> <span class='ocrx_word' id='word_1_665' title='bbox 791 5147 918 5221; x_wconf 79' lang='lat' dir='ltr'>dixisset,</span> <span class='ocrx_word' id='word_1_666' title='bbox 975 5149 1182 5210; x_wconf 86' lang='lat' dir='ltr'>detrimentum.</span> <span class='ocrx_word' id='word_1_667' title='bbox 1195 5149 1256 5204; x_wconf 90' lang='lat' dir='ltr'>Duo</span> <span class='ocrx_word' id='word_1_668' title='bbox 1266 5146 1349 5204; x_wconf 90' lang='lat' dir='ltr'>habes</span> <span class='ocrx_word' id='word_1_669' title='bbox 1364 5144 1522 5218; x_wconf 87' lang='lat' dir='ltr'>:autquasi</span> <span class='ocrx_word' id='word_1_670' title='bbox 1537 5142 1686 5201; x_wconf 88' lang='lat' dir='ltr'>secundum</span> <span class='ocrx_word' id='word_1_671' title='bbox 1700 5157 1767 5214; x_wconf 87' lang='lat' dir='ltr'>prae·</span> 
     </span>
    </p>
   </div>
   <div class='ocr_carea' id='block_1_13' title="bbox 107 5282 1767 5652">
    <p class='ocr_par' dir='ltr' id='par_1_14' title="bbox 107 5282 1767 5652">
     <span class='ocr_line' id='line_1_80' title="bbox 157 5282 1767 5366; baseline -0.003 -22"><span class='ocrx_word' id='word_1_672' title='bbox 157 5287 204 5362; x_wconf 88' lang='lat' dir='ltr'>(i)</span> <span class='ocrx_word' id='word_1_673' title='bbox 224 5285 514 5356; x_wconf 82' lang='lat' dir='ltr'>Exercismuslegitur</span> <span class='ocrx_word' id='word_1_674' title='bbox 527 5285 556 5340; x_wconf 92' lang='lat' dir='ltr'>in</span> <span class='ocrx_word' id='word_1_675' title='bbox 566 5285 705 5344; x_wconf 83' lang='lat' dir='ltr'>Ambrosii</span> <span class='ocrx_word' id='word_1_676' title='bbox 717 5287 838 5345; x_wconf 91' lang='lat' dir='ltr'>editione</span> <span class='ocrx_word' id='word_1_677' title='bbox 845 5290 919 5346; x_wconf 89' lang='lat' dir='ltr'>hlau-</span> <span class='ocrx_word' id='word_1_678' title='bbox 1013 5293 1054 5366; x_wconf 82' lang='grc'>(3)</span> <span class='ocrx_word' id='word_1_679' title='bbox 1074 5291 1163 5348; x_wconf 86' lang='lat' dir='ltr'>Nullis</span> <span class='ocrx_word' id='word_1_680' title='bbox 1178 5287 1372 5347; x_wconf 85' lang='lat' dir='ltr'>additamentis</span> <span class='ocrx_word' id='word_1_681' title='bbox 1387 5285 1471 5342; x_wconf 88' lang='lat' dir='ltr'>luisse</span> <span class='ocrx_word' id='word_1_682' title='bbox 1484 5291 1597 5365; x_wconf 75' lang='lat' dir='ltr'>auctum</span> <span class='ocrx_word' id='word_1_683' title='bbox 1611 5282 1767 5362; x_wconf 75' lang='lat' dir='ltr'>homanum</span> 
     </span>
     <span class='ocr_line' id='line_1_81' title="bbox 110 5351 1765 5438; baseline -0.007 -17"><span class='ocrx_word' id='word_1_684' title='bbox 110 5365 188 5424; x_wconf 85' lang='lat' dir='ltr'>rina</span> <span class='ocrx_word' id='word_1_685' title='bbox 199 5365 219 5416; x_wconf 94' lang='grc' dir='ltr'>ι.</span> <span class='ocrx_word' id='word_1_686' title='bbox 235 5357 269 5426; x_wconf 95' lang='lat' dir='ltr'>lI,</span> <span class='ocrx_word' id='word_1_687' title='bbox 283 5355 345 5422; x_wconf 66' lang='lat' dir='ltr'>dn„</span> <span class='ocrx_word' id='word_1_688' title='bbox 360 5367 485 5428; x_wconf 87' lang='lat' dir='ltr'>snttrptus</span> <span class='ocrx_word' id='word_1_689' title='bbox 496 5355 626 5414; x_wconf 78' lang='lat' dir='ltr'>videlicet</span> <span class='ocrx_word' id='word_1_690' title='bbox 636 5373 671 5413; x_wconf 84' lang='lat' dir='ltr'>ex</span> <span class='ocrx_word' id='word_1_691' title='bbox 681 5358 815 5416; x_wconf 85' lang='lat' dir='ltr'>Vaticano</span> <span class='ocrx_word' id='word_1_692' title='bbox 824 5375 918 5432; x_wconf 86' lang='lat' dir='ltr'>perve-</span> <span class='ocrx_word' id='word_1_693' title='bbox 976 5363 1179 5436; x_wconf 82' lang='lat' dir='ltr'>synrholuur,et</span> <span class='ocrx_word' id='word_1_694' title='bbox 1193 5359 1301 5432; x_wconf 89' lang='lat' dir='ltr'>publice</span> <span class='ocrx_word' id='word_1_695' title='bbox 1315 5359 1349 5415; x_wconf 91' lang='lat' dir='ltr'>ab</span> <span class='ocrx_word' id='word_1_696' title='bbox 1362 5355 1508 5438; x_wconf 80' lang='lat' dir='ltr'>initiandis</span> <span class='ocrx_word' id='word_1_697' title='bbox 1520 5362 1628 5434; x_wconf 63' lang='lat' dir='ltr'>recrtnfr</span> <span class='ocrx_word' id='word_1_698' title='bbox 1642 5351 1765 5422; x_wconf 84' lang='lat' dir='ltr'>solitum,</span> 
     </span>
     <span class='ocr_line' id='line_1_82' title="bbox 112 5424 1767 5503; baseline -0.005 -12"><span class='ocrx_word' id='word_1_699' title='bbox 112 5445 186 5494; x_wconf 86' lang='lat' dir='ltr'>tere</span> <span class='ocrx_word' id='word_1_700' title='bbox 199 5427 294 5488; x_wconf 81' lang='lat' dir='ltr'>codice</span> <span class='ocrx_word' id='word_1_701' title='bbox 306 5425 354 5494; x_wconf 81' lang='lat' dir='ltr'>et,</span> <span class='ocrx_word' id='word_1_702' title='bbox 374 5427 467 5484; x_wconf 74' lang='lat' dir='ltr'>saculi</span> <span class='ocrx_word' id='word_1_703' title='bbox 483 5444 521 5484; x_wconf 85' lang='grc' dir='ltr'>ιιι.</span> <span class='ocrx_word' id='word_1_704' title='bbox 975 5443 1069 5492; x_wconf 87' lang='lat' dir='ltr'>narrat</span> <span class='ocrx_word' id='word_1_705' title='bbox 1079 5433 1195 5491; x_wconf 85' lang='lat' dir='ltr'>llulinus</span> <span class='ocrx_word' id='word_1_706' title='bbox 1206 5432 1259 5493; x_wconf 87' lang='lat' dir='ltr'>loc.</span> <span class='ocrx_word' id='word_1_707' title='bbox 1269 5429 1330 5498; x_wconf 80' lang='lat' dir='ltr'>cit,</span> <span class='ocrx_word' id='word_1_708' title='bbox 1342 5445 1390 5503; x_wconf 91' lang='lat' dir='ltr'>qur</span> <span class='ocrx_word' id='word_1_709' title='bbox 1402 5435 1492 5484; x_wconf 82' lang='lat' dir='ltr'>tamen</span> <span class='ocrx_word' id='word_1_710' title='bbox 1502 5424 1678 5497; x_wconf 81' lang='lat' dir='ltr'>Aquileiense</span> <span class='ocrx_word' id='word_1_711' title='bbox 1686 5437 1767 5480; x_wconf 87' lang='lat' dir='ltr'>suum</span> 
     </span>
     <span class='ocr_line' id='line_1_83' title="bbox 155 5497 1111 5574; baseline 0.001 -16"><span class='ocrx_word' id='word_1_712' title='bbox 155 5501 203 5574; x_wconf 68' lang='grc' dir='ltr'>(Ξ)</span> <span class='ocrx_word' id='word_1_713' title='bbox 224 5501 275 5558; x_wconf 88' lang='lat' dir='ltr'>Par</span> <span class='ocrx_word' id='word_1_714' title='bbox 290 5498 425 5554; x_wconf 89' lang='lat' dir='ltr'>sententia</span> <span class='ocrx_word' id='word_1_715' title='bbox 446 5506 487 5554; x_wconf 88' lang='lat' dir='ltr'>est</span> <span class='ocrx_word' id='word_1_716' title='bbox 505 5497 577 5570; x_wconf 91' lang='lat' dir='ltr'>apud</span> <span class='ocrx_word' id='word_1_717' title='bbox 591 5499 733 5568; x_wconf 82' lang='lat' dir='ltr'>Rufinum,</span> <span class='ocrx_word' id='word_1_718' title='bbox 757 5499 863 5561; x_wconf 80' lang='lat' dir='ltr'>Cenum.</span> <span class='ocrx_word' id='word_1_719' title='bbox 888 5503 919 5562; x_wconf 90' lang='lat' dir='ltr'>iu</span> <span class='ocrx_word' id='word_1_720' title='bbox 976 5505 1111 5564; x_wconf 82' lang='lat' dir='ltr'>aeuitur.</span> 
     </span>
     <span class='ocr_line' id='line_1_84' title="bbox 107 5522 1425 5652; baseline -0.007 -16"><span class='ocrx_word' id='word_1_721' title='bbox 107 5573 215 5652; x_wconf 75' lang='lat' dir='ltr'>syrath.</span> <span class='ocrx_word' id='word_1_722' title='bbox 1007 5522 1056 5650; x_wconf 52' lang='lat' dir='ltr'>1ih)</span> <span class='ocrx_word' id='word_1_723' title='bbox 1076 5573 1156 5645; x_wconf 74' lang='lat' dir='ltr'>uod,</span> <span class='ocrx_word' id='word_1_724' title='bbox 1171 5590 1253 5631; x_wconf 85' lang='lat' dir='ltr'>enom</span> <span class='ocrx_word' id='word_1_725' title='bbox 1263 5569 1425 5646; x_wconf 68' lang='lat' dir='ltr'>pusionem.</span> 
     </span>
    </p>
   </div>
   <div class='ocr_carea' id='block_1_14' title="bbox 284 5659 1610 5728">
    <p class='ocr_par' dir='ltr' id='par_1_15' title="bbox 284 5659 1610 5728">
     <span class='ocr_line' id='line_1_85' title="bbox 284 5659 1610 5728; baseline 0.007 0"><span class='ocrx_word' id='word_1_726' title='bbox 284 5665 406 5728; x_wconf 79' lang='lat' dir='ltr'>Parnon.</span> <span class='ocrx_word' id='word_1_727' title='bbox 425 5666 514 5728; x_wconf 76' lang='lat' dir='ltr'>litu.</span> <span class='ocrx_word' id='word_1_728' title='bbox 1574 5659 1610 5718; x_wconf 75' lang='lat'>3⁸</span> 
     </span>
    </p>
   </div>
   <div class='ocr_carea' id='block_1_15' title="bbox 0 0 2042 6178">
    <p class='ocr_par' dir='ltr' id='par_1_16' title="bbox 0 0 2042 6178">
     <span class='ocr_line' id='line_1_86' title="bbox 0 0 2042 6178; baseline 0 6"><span class='ocrx_word' id='word_1_729' title='bbox 0 0 2042 6178; x_wconf 95' lang='lat' dir='ltr'> </span> 
     </span>
    </p>
   </div>
  </div>
 </body>
</html>
