4038 6168
252 281 322 340 llllf
757 273 806 330 AD
824 269 941 330 OPERA
959 269 988 328 S.
1007 265 1175 326 nunnosn
1199 261 1389 322 APPENDIX.
1832 259 1863 315 ll
1874 256 1908 315 lb

249 423 306 463 sua
323 406 472 464 senectutis
490 411 641 472 ostentans,
662 402 692 458 in
712 406 860 473 conspeetu
883 413 977 455 eorum
999 412 1046 452 ve·
1060 399 1085 456 ,l
1101 394 1209 451 ritatem
1224 393 1239 450 f
1253 393 1302 466 qui
1316 390 1421 465 putatis
1436 399 1518 448 erunt
1530 389 1632 448 horum
1655 386 1804 445 infantium
1820 385 1911 444 domi-

251 502 319 553 stem
334 511 388 569 qua
402 504 495 569 pectus
512 492 661 566 tegebatur,
683 489 767 547 scidit
782 507 788 546 :
805 496 832 546 et
854 487 962 545 cunctis
981 485 1047 542 flen-
1100 485 1141 557 ni,
1157 493 1185 544 et
1199 486 1347 544 domorum
1369 491 1524 541 vestrarum
1551 480 1707 539 avidissimi
1721 482 1911 554 pervasores?

250 587 326 644 tibus
348 585 507 644 ostendebat
528 585 567 641 eis
593 584 665 640 laxis
685 580 802 656 pellibus
826 595 893 654 quas
916 585 1048 636 suxerant
1101 575 1155 645 Qui
1169 582 1250 634 erunt
1264 583 1363 634 vestre
1377 581 1555 647 occupatores
1569 570 1682 628 familiae
1698 571 1712 626 i
1727 571 1772 626 vel
1790 569 1839 644 qui
1855 569 1912 628 sibi

251 691 394 742 mammas,
425 683 453 731 et
478 673 678 745 blandimenta,
706 688 766 746 quaa
801 669 925 727 infantiae
951 683 1047 725 eorum
1102 667 1219 725 divisuri
1234 675 1299 724 sunt
1314 666 1488 731 vernaculos,
1505 679 1576 737 quos
1590 660 1810 717 nutristis‘llleu
1824 677 1910 735 quam

251 769 424 838 exhibuerat,
449 768 579 840 ejulando
605 769 761 840 lacrymans
786 762 964 822 memorabat.
986 761 1048 818 Aie-
1103 758 1202 826 ferreo,
1230 757 1285 813 heu
1315 773 1397 830 quam
1428 753 1521 829 impia
1548 750 1723 811 crudelitatis
1749 766 1849 824 genere
1864 767 1910 824 pa·

250 857 298 914 bat
311 873 375 930 ergo
386 855 421 914 ad
436 857 531 914 ambos
547 874 553 913 :
572 857 614 913 l'u
625 855 696 913 mihi
710 870 817 926 semper
832 854 894 926 plus
908 851 1050 909 blanditus
1103 855 1195 905 rentes
1204 846 1356 920 despicitis,
1373 845 1478 902 amicos
1498 843 1639 917 respuitis,
1660 858 1762 900 uxores
1773 842 1909 916 abjicitis,

251 962 288 1014 es,
304 945 366 1015 hli;
387 953 416 1003 et
438 954 469 1004 ιιι
485 947 605 1020 emplius
628 943 828 1003 verecundatus
850 959 880 1000 es
907 961 913 1000 :
942 941 972 999 in
996 941 1049 997 isto
1103 937 1176 994 filios
1190 935 1336 1004 abdicatis,
1357 941 1384 991 et
1399 951 1448 991 vos
1464 934 1538 1009 ipsos
1555 931 1678 990 carnifici
1702 932 1848 988 ultroneos
1861 946 1910 988 ex·

251 1033 399 1106 imaginem
431 1051 520 1092 meam
549 1035 652 1109 peperi,
684 1033 714 1090 in
742 1039 770 1089 te
798 1038 926 1106 paternos
955 1031 1050 1088 vultus
1105 1025 1216 1084 bibetis.

251 1122 334 1180 effudi
352 1141 359 1192 ;
376 1130 407 1180 tu
421 1124 494 1197 patri
515 1123 621 1190 utilior,
639 1121 689 1178 iste
704 1119 832 1178 similior.
856 1119 916 1176 lleu
936 1127 979 1176 me
999 1116 1049 1174 mi·
1410 1124 1524 1184 CAPUT
1542 1125 1590 1182 111,

250 1214 362 1270 seram!
387 1213 599 1271 circumvallant
624 1227 668 1269 me
690 1227 725 1268 ex
747 1209 823 1268 omni
843 1217 920 1282 parte
938 1207 1051 1264 incoru-
1250 1215 1279 1272 s,
1295 1213 1465 1272 Sebastianus
1479 1219 1602 1270 numeres
1615 1214 1764 1284 walterae,

250 1302 386 1376 laflbilffl
400 1303 503 1372 ¹⁰⁶²¹¹⁸s
523 1302 648 1360 inaudita
669 1300 779 1358 milesia
799 1307 827 1356 0¹
848 1298 955 1372 demina
978 1295 1051 1353 Orbi·
1139 1303 1167 1361 9.
1187 1303 1295 1362 interea
1307 1303 1373 1361 dum
1393 1304 1442 1361 illa
1461 1303 1603 1372 dicuntur,
1618 1311 1646 1360 et
1660 1301 1715 1358 ista
1737 1299 1909 1370 referuntur,

250 1400 301 1461 tas,
337 1391 422 1448 nullis
459 1392 571 1464 penitus
599 1388 826 1448 tribulationibus
856 1387 1051 1459 comparanda.
1105 1391 1177 1448 inter
1191 1398 1311 1450 uxorum
1326 1392 1473 1465 lacrymas,
1484 1400 1510 1449 et
1529 1391 1648 1464 suspiria
1661 1389 1797 1458 filforum,
1811 1405 1910 1461 coepe-

251 1479 356 1539 Omitto
370 1480 444 1539 filios
457 1481 493 1538 ad
508 1488 623 1539 mortem
643 1480 717 1537 ultro
738 1486 927 1552 properantes,
945 1492 1014 1549 quos
1027 1474 1051 1532 si
1104 1489 1171 1538 runt
1200 1481 1303 1539 milites
1331 1481 1435 1540 Christi
1461 1482 1632 1549 moileseere,
1656 1487 1683 1536 et
1704 1479 1815 1536 animos
1846 1495 1910 1536 suos

250 1569 320 1628 mihi
344 1570 440 1631 hostes
459 1569 610 1640 auferrent,
635 1585 683 1642 per
706 1567 812 1625 medias
828 1582 957 1639 sequerer
978 1565 1052 1622 acies
1104 1567 1213 1624 flectere
1227 1567 1262 1623 ad
1287 1566 1421 1624 dolorem.
1445 1567 1516 1624 Huic
1538 1565 1706 1640 spectaculo,
1721 1571 1752 1622 nt
1771 1581 1857 1638 supra
1870 1564 1909 1621 di·

250 1657 415 1718 bellatorum
441 1658 506 1732 (8);
526 1659 549 1716 si
572 1657 679 1732 judicia
700 1655 823 1713 violenta
843 1652 1050 1721 concluderent,
1104 1657 1210 1727 ximus,
1225 1657 1396 1715 intereratS.
1417 1655 1606 1726 Sebastianus,
1619 1655 1664 1712 vir
1673 1670 1722 1727 per
1731 1653 1827 1712 omnia
1837 1653 1910 1711 chri·

249 1764 386 1808 carcerem
402 1747 485 1805 simul
504 1749 684 1819 irrumperem
704 1743 848 1801 moritura.
868 1743 977 1800 Novum
998 1741 1052 1797 boc
1066 1759 1089 1821 Β
1105 1745 1303 1814 stianissirnus,
1318 1762 1398 1820 quem
1417 1747 1575 1804 occultabat
1598 1744 1728 1802 militaris
1742 1743 1870 1812 babitus,
1883 1751 1911 1800 et

249 1853 335 1912 genus
358 1843 400 1894 est
419 1834 564 1908 pereundi,
593 1833 622 1890 io
646 1849 700 1906 quo
728 1831 853 1889 carnifex
882 1837 993 1902 rogatur
1020 1835 1051 1886 ul
1104 1835 1261 1909 chlamydis
1272 1835 1456 1892 obumbrabat
1471 1833 1654 1908 aspectusdt
1669 1825 1718 1890 ubi
1735 1833 1807 1889 vidit
1820 1832 1911 1890 athle-

249 1925 340 1992 feriai,
368 1923 425 1979 viia
449 1931 562 1997 optatur
584 1930 617 1978 uf
635 1929 737 1994 pereat,
763 1937 836 1977 mors
859 1919 996 1976 invitatur
1018 1926 1049 1975 uf
1103 1933 1145 1982 tas
1158 1925 1208 1983 Dei
1235 1925 1372 1981 immenso
1397 1924 1557 1982 certaminis
1585 1922 1706 1998 pondere
1732 1921 1853 1996 fatigari,
1878 1923 1909 1978 in

248 2015 354 2072 veniat.
383 2013 479 2073 Novus
504 2013 552 2072 hic
579 2014 671 2071 luctus
697 2020 750 2082 est,
777 2028 849 2069 nova
874 2010 995 2080 miseria,
1018 2009 1049 2066 in
1103 2015 1195 2073 medio
1209 2031 1305 2072 eorum
1321 2030 1350 2072 se
1370 2011 1516 2086 objiciens,
1531 2013 1605 2070 dixit
1621 2013 1668 2071 :0
1696 2013 1844 2071 fortissimi
1862 2013 1911 2069 rni-

249 2121 304 2179 qua
324 2113 452 2162 natorum
464 2103 598 2177 juventus
621 2111 717 2178 sponte
739 2102 887 2172 amittitur,
910 2111 938 2159 et
953 2118 1048 2175 paren·
1103 2103 1166 2160 lites
1182 2102 1298 2167 Christi,
1317 2119 1334 2158 o
1351 2101 1562 2159 instructissimi
1579 2100 1669 2158 divini
1688 2102 1778 2174 praelii
1795 2101 1909 2157 bellate

248 2201 308 2251 tnm
321 2193 475 2252 miseranda
488 2193 596 2267 cogitur
608 2199 734 2252 senectus
748 2200 778 2249 ιιι
793 2193 878 2249 vivat.
1103 2209 1157 2263 res,
1173 2209 1221 2266 per
1235 2191 1350 2250 nimiam
1366 2192 1499 2248 virtutem
1517 2191 1602 2248 animi
1615 2191 1726 2248 fortiter
1740 2191 1910 2265 pervenistis

284 2287 310 2342 7.
326 2285 381 2342 Ista
392 2293 420 2342 et
433 2285 478 2342 bis
492 2283 595 2341 similia
613 2291 700 2341 matre
714 2291 907 2357 prosequente,
921 2283 1048 2340 infirmus
1102 2283 1135 2340 ad
1152 2281 1283 2356 palmam,
1299 2291 1326 2339 et
1351 2297 1426 2338 nunc
1447 2297 1495 2354 per
1517 2281 1617 2338 misera
1642 2280 1837 2337 blandimenta
1859 2297 1910 2338 oo-

248 2387 335 2452 pater,
350 2387 378 2436 et
392 2377 483 2451 gravis
492 2375 550 2450 jam
567 2375 655 2444 senio,
681 2374 808 2432 manibus
831 2376 979 2434 adducitur
992 2392 1047 2433 ser·
1102 2388 1197 2429 ronam
1212 2371 1350 2444 deponitis
1361 2371 1554 2444 sempiternam
1566 2371 1684 2428 fDiscat
1697 2387 1774 2428 nunc
1790 2387 1841 2442 per
1861 2387 1910 2428 vos

247 2467 389 2536 valorum,
405 2473 432 2524 et
442 2481 555 2540 cygnaeo
567 2463 651 2538 capiti
664 2471 743 2520 terrae
753 2465 895 2538 pulverem
906 2480 1045 2540 spargens,
1102 2461 1205 2521 Christi
1223 2462 1346 2518 militum
1362 2461 1508 2532 fortitudo,
1524 2460 1578 2518 fide
1599 2461 1691 2536 potins
1705 2462 1808 2517 armari
1825 2477 1909 2536 qnam

246 2553 408 2629 hujusmodi
434 2555 517 2612 dabat
537 2569 619 2612 voces
643 2552 678 2610 ad
701 2555 829 2610 coelnm:
861 2553 905 2612 Ad
928 2562 1046 2611 mortem
1101 2545 1185 2609 ferro'.
1208 2549 1299 2608 Nolite
1326 2551 1505 2607 victoriarum
1526 2558 1679 2607 vestrarum
1708 2549 1832 2623 insignia
1861 2567 1909 2623 per

246 2645 321 2701 ultro
336 2642 574 2718 proficiscentibus
597 2641 664 2699 filiis
686 2643 873 2702 valedicturus
889 2645 1000 2714 adveni,
1016 2652 1047 2701 ut
1101 2647 1251 2704 mulierum
1264 2644 1456 2705 blandimenta
1469 2645 1599 2718 abjicere,
1615 2653 1643 2703 et
1664 2643 1805 2719 subjectas
1831 2644 1908 2718 pedi·

246 2735 387 2804 universa,
417 2749 478 2809 qna
501 2750 517 2790 a
539 2733 606 2790 filiis
626 2731 774 2806 sepultura
800 2749 866 2790 mea
889 2732 1047 2790 exbibenda
1100 2738 1153 2795 bus
1167 2736 1266 2795 vestris
1292 2735 1381 2794 hostis
1407 2735 1509 2794 devicti
1534 2735 1656 2794 cervices
1674 2735 1708 2792 ad
1729 2735 1863 2792 victricia
1882 2742 1910 2790 et

246 2838 418 2896 paraveram,
432 2837 482 2896 ego
495 2821 596 2878 infelhx
617 2820 691 2878 lilios
705 2823 865 2895 sepulturus
880 2822 1044 2896 expendam.
1100 2827 1227 2886 rediviva
1241 2827 1341 2884 iterum
1356 2827 1429 2883 bella
1457 2827 1559 2896 laxare,
1586 2824 1665 2900 cnjus
1680 2825 1810 2898 quamvis
1834 2842 1910 2881 saeva

246 2911 346 2982 Ofilii,
362 2927 429 2969 meaa
458 2911 573 2968 baculus
590 2910 749 2979 senectutis,
774 2920 801 2969 et
819 2913 959 2985 geminum
974 2929 1046 2970 meo·
1102 2923 1199 2974 contra
1209 2931 1258 2973 vos
1272 2915 1411 2973 exstiterit
1425 2922 1453 2971 et
1471 2913 1616 2988 periniqua
1630 2913 1763 2971 instantia
1777 2915 1833 2986 (9),
1860 2931 1908 2971 sae·

245 3015 308 3058 rum
334 2999 471 3058 viscerum
501 3001 607 3069 lumen,
634 2997 693 3054 nati
717 2997 847 3068 feliciter,
870 3009 898 3058 et
918 3017 1046 3075 prospere
1100 3007 1163 3063 vior
1180 3015 1271 3064 tamen
1296 3004 1415 3062 efficitur
1443 3003 1483 3061 irs
1504 3003 1629 3077 repetita.
1654 3003 1759 3074 Erigite
1790 3003 1910 3076 igitura

246 3088 365 3158 educati,
388 3086 626 3146 excellentissima
647 3086 795 3158 memoria,
819 3096 846 3145 et
863 3088 967 3162 ingenii
990 3091 1045 3147 sin·
1062 3111 1085 3174 ρ
1101 3095 1218 3152 terrenis
1231 3094 1376 3151 affectibus
1391 3092 1451 3166 (ld)
1474 3102 1607 3168 tropaeum
1632 3093 1715 3150 vestri
1739 3091 1906 3149 certaminis

247 3175 359 3249 gularis,
375 3176 501 3232 omnium
518 3174 675 3232 liberalium
697 3176 795 3248 peritia
817 3177 972 3236 litterarum
995 3179 1045 3236 im·
1100 3185 1250 3259 gloriosum
1277 3183 1349 3256 (ll),
1377 3190 1404 3241 et
1431 3183 1517 3241 nolite
1540 3182 1611 3240 illud
1635 3182 1762 3240 amittere
1792 3181 1908 3239 fletibus

245 3266 318 3336 buti,
346 3285 407 3342 quae
433 3267 485 3326 ista
511 3276 623 3342 repente
653 3268 759 3325 insania
785 3277 876 3328 vestra
903 3273 1047 3330 voluntate
1100 3274 1287 3347 palvolorum.
1941 3339 1945 3348 ,

246 3357 389 3432 progenita
416 3358 513 3416 mortis
535 3375 585 3415 vos
609 3358 676 3416 fecit
698 3374 756 3416 esse
778 3365 914 3418 amatores
935 3361 950 3418 f
971 3361 1045 3416 Nun·
1138 3363 1180 3420 lli.
1197 3363 1256 3432 lsti,
1279 3379 1348 3436 quos
1360 3363 1487 3436 plorante
1501 3359 1656 3430 attenditis,
1685 3359 1842 3433 gauderent
1859 3358 1907 3416 ho

246 3463 329 3520 quam
343 3447 396 3505 ista
414 3447 575 3506 viventibus
598 3447 725 3519 placuit:
743 3463 886 3522 nunquam
903 3449 1047 3506 morituris
1100 3451 1146 3508 die
1161 3451 1184 3509 si
1199 3460 1310 3525 possent
1330 3451 1401 3508 scire
1416 3467 1477 3526 quae
1492 3450 1598 3516 nostis;
1615 3449 1805 3523 putantenim
1833 3447 1906 3523 qnod

245 3551 327 3592 suum
359 3553 480 3595 amorem
506 3535 619 3593 induxit
647 3555 653 3593 :
684 3535 719 3592 ad
744 3552 921 3612 quoscunque
955 3545 1045 3596 autem
1101 3543 1154 3601 ista
1167 3543 1225 3600 vita
1240 3543 1276 3600 sit
1289 3542 1358 3611 sola,
1374 3559 1434 3616 quae
1447 3541 1470 3597 si
1486 3541 1571 3597 finem
1586 3540 1730 3613 acceperit,
1741 3541 1823 3596 nulla
1837 3539 1906 3595 sru-

246 3624 391 3696 pervenire
403 3625 509 3696 potuit,
526 3624 663 3681 violenter
682 3624 801 3682 suariae
820 3633 870 3695 est,
893 3633 921 3682 et
935 3643 991 3683 non
1006 3635 1047 3684 est
1101 3633 1136 3689 lis
1149 3633 1259 3701 animae,
1281 3648 1395 3704 corpore
1420 3629 1575 3698 deficiente,
1592 3629 1683 3684 valeat
1705 3627 1800 3702 portio
1815 3645 1904 3684 rems·

246 3710 390 3768 voluntate
412 3712 447 3768 ab
466 3711 524 3768 ullo
543 3711 656 3768 vivente
670 3721 805 3787 suscepta.
820 3713 849 3771 Si
869 3715 942 3772 hanc
956 3717 1047 3775 nudus
1101 3737 1175 3778 nere.
1192 3719 1222 3776 Si
1241 3717 1314 3776 enim
1330 3719 1433 3776 scirent
1446 3734 1504 3775 esse
1530 3719 1644 3775 alteram
1666 3717 1754 3771 vitam
1780 3715 1903 3787 ignaram

246 3799 355 3858 debitor
376 3801 428 3860 snb
449 3817 531 3859 avaro
552 3802 705 3860 feneratore
727 3803 842 3876 patitur,
864 3805 942 3862 nulla
956 3813 1046 3878 potest
1101 3810 1207 3880 mortis,
1223 3809 1344 3866 tristitiae
1363 3809 1496 3876 nesciam,
1511 3807 1541 3864 in
1558 3823 1613 3881 qua
1634 3805 1834 3862 immortalitas
1857 3821 1905 3862 re-

246 3889 352 3947 ratioue
373 3889 511 3965 diligere;
540 3908 592 3950 uec
614 3894 704 3950 solum
726 3909 782 3948 non
805 3892 923 3966 diligere
947 3911 1046 3967 cogno·
1101 3906 1174 3972 gnat,
1190 3908 1217 3956 et
1237 3907 1368 3972 perpetua
1393 3897 1492 3969 gaudia
1518 3903 1752 3962 commorantur;
1782 3895 1904 3968 profecto

245 3978 343 4050 scitur,
365 3978 413 4036 sed
434 3979 542 4037 timere.
568 3981 627 4050 Qua
651 3981 756 4038 ratione
784 3998 844 4038 eam
865 3983 981 4056 appetit,
998 3985 1046 4058 qni
1100 3985 1244 4044 vobiscum
1259 3986 1292 4043 ad
1306 3986 1383 4042 illam
1403 3985 1566 4042 festinarent
1583 3985 1747 4058 pertingere,
1774 3991 1801 4040 et
1817 3984 1904 4038 vium

245 4067 368 4124 elbonis
386 4067 520 4125 exuberat
542 4067 683 4136 omnibus,
708 4077 736 4126 et
759 4069 871 4143 penitus
898 4073 948 4128 ulli
972 4073 1044 4130 nihil
1100 4075 1176 4132 illam
1206 4092 1255 4149 pro
1278 4074 1370 4132 nihilo
1392 4082 1594 4148 computantes,
1626 4073 1705 4130 illam
1728 4080 1903 4145 appeterent,

245 4163 355 4222 debet?
374 4164 474 4224 Venite
494 4164 560 4236 buc,
585 4181 673 4236 senes,
691 4174 719 4223 et
742 4183 848 4226 mecum
872 4184 954 4240 super
972 4169 1046 4228 filios
1100 4181 1160 4241 quae
1175 4173 1202 4222 et
1216 4165 1244 4220 in
1255 4163 1440 4222 exsultatione
1449 4173 1589 4236 permanet
1601 4171 1629 4220 et
1641 4162 1752 4237 penitus
1762 4161 1904 4220 finirinon
2016 4207 2017 4228 ,

244 4253 375 4328 plangite,
398 4255 445 4330 qni
471 4270 520 4314 vos
540 4255 646 4315 viscera
669 4265 783 4330 paterna
801 4255 903 4314 habere
923 4258 1043 4318 sentitis.
1100 4256 1188 4312 novit.
1201 4256 1255 4312 lsta
1277 4255 1352 4312 enim
1367 4255 1427 4312 vita
1449 4253 1566 4328 fugitiva
1580 4262 1621 4310 est
1634 4262 1662 4310 et
1684 4261 1739 4310 tam
1768 4251 1904 4322 infidelis,
2016 4245 2017 4262 ¹

245 4346 345 4404 Venite
358 4345 424 4417 huc,
445 4345 572 4421 juvenes,
594 4356 622 4406 et
642 4345 704 4405 dete
719 4363 802 4421 super
817 4346 934 4421 juvenes
947 4357 1044 4422 sponte
1099 4352 1130 4402 ut
1146 4361 1197 4402 nec
1210 4344 1381 4402 amatoribus
1398 4345 1457 4403 suis
1470 4345 1551 4402 fidem
1569 4344 1689 4417 potuerit
1703 4343 1906 4402 custodirent

245 4443 400 4508 pereuntes.
416 4435 477 4492 lluc
490 4435 620 4504 accedite,
640 4445 741 4510 patres,
757 4444 784 4494 et
807 4437 950 4510 prohibete
964 4439 1043 4509 talia,
1059 4437 1204 4530 Dorigine
1218 4437 1292 4493 enim
1302 4437 1406 4494 'mundi
1422 4436 1452 4493 iu
1467 4452 1495 4493 se
1509 4435 1653 4492 credentes
1676 4433 1790 4500 fefellit,
1806 4451 1905 4492 omnes

245 4538 280 4580 ne
293 4524 360 4580 talia
373 4523 527 4598 patiamini.
543 4524 657 4581 Deficite
681 4524 824 4598 plorando,
840 4525 914 4584 oculi
938 4528 1003 4598 mei,
1018 4536 1046 4586 et
1099 4542 1127 4584 se
1140 4532 1330 4600 exspectantes
1353 4525 1471 4599 decepit,
1496 4531 1610 4582 cunctos
1623 4523 1657 4580 do
1678 4539 1707 4580 se
1725 4537 1904 4595 praesumen-

244 4611 390 4686 caliginem
404 4611 534 4670 obducite
549 4611 697 4670 fundentes
708 4613 824 4670 flumina
838 4616 1022 4689 lacrymarum
1037 4633 1043 4672 :
1099 4623 1139 4673 tes
1162 4615 1260 4684 irrisit,
1279 4623 1307 4672 et
1321 4615 1360 4672 ita
1375 4616 1483 4674 nullum
1503 4613 1619 4670 omnino
1633 4618 1739 4670 certum
1766 4613 1903 4682 reddidit,

245 4700 402 4758 revideam
417 4699 486 4758 cedi
501 4701 604 4775 gladio,
619 4718 688 4776 qnos
702 4702 767 4761 dnm
780 4703 858 4776 virga
871 4705 940 4762 levis
953 4713 1043 4776 tange·
1098 4711 1129 4761 nt
1144 4705 1274 4762 omnibus
1289 4703 1420 4777 probetur
1441 4703 1527 4760 fuisse
1545 4702 1669 4759 mentita.
1684 4701 1778 4776 Atque
1794 4703 1902 4758 utinam

245 4795 297 4859 ret,
312 4789 434 4860 tremui;
458 4789 524 4848 dum
538 4791 680 4850 tristantes
694 4789 793 4849 leviter
806 4791 940 4864 viderem,
955 4809 1046 4867 expa-
1098 4793 1185 4850 solius
1203 4792 1339 4851 mandacii
1354 4793 1443 4867 culpa
1461 4800 1531 4849 esset
1543 4789 1673 4860 obnoxia,
1695 4798 1723 4846 et
1736 4806 1789 4862 per
1807 4791 1904 4847 omnia

243 4875 284 4936 ri.
1098 4881 1216 4940 crimina
1239 4899 1350 4940 currere
1372 4898 1436 4940 suos
1464 4898 1521 4938 non
1536 4887 1644 4954 cogeret
1659 4879 1821 4936 amatoresf
1844 4879 1903 4953 Ipsa

279 4967 306 5026 8.
325 4965 413 5043 lgitur
431 4967 497 5026 dum
511 4968 571 5030 heo
593 4976 621 5029 et
640 4970 695 5027 alia
715 4969 808 5029 senior
823 4979 1043 5045 prosequeretur,
1098 4971 1145 5029 dat
1170 4969 1333 5032 edacitatem
1358 4969 1520 5046 glutonibus
1551 4969 1623 5042 (ff),
1651 4968 1711 5044 ipsa
1737 4967 1901 5027 &rietaoem

243 5071 306 5116 erce
320 5057 465 5117 amborum
479 5057 609 5134 conjuges
622 5075 685 5117 oum
698 5059 770 5118 natis
782 5060 902 5134 propriis
914 5061 1043 5132 veniunt,
1098 5060 1200 5135 ingerit
1212 5060 1384 5130 temulentis,
1406 5061 1468 5134 ipsa
1494 5057 1668 5130 naufragium
1683 5057 1801 5131 pudoris
1825 5058 1901 5116 adul·

243 5154 271 5205 et
284 5146 440 5222 aspectibus
454 5163 550 5207 eorum
573 5148 700 5222 proprios
715 5149 867 5207 infantulos
888 5151 1043 5219 offerentes,
1097 5149 1174 5220 teris,
1186 5151 1247 5226 ipsa
1263 5149 1461 5208 exsecrabilem
1484 5146 1569 5205 tradit
1585 5145 1798 5220 perversitstem
1822 5147 1902 5203 inos-

243 5233 293 5292 bas
307 5233 437 5310 ejulando
451 5253 535 5296 voces
553 5235 701 5296 effundunt
715 5254 722 5294 :
736 5236 842 5308 Quibus
855 5254 906 5296 nos
919 5239 1044 5295 servitu·
1098 5239 1147 5297 stis
1158 5257 1165 5308 ;
1181 5238 1240 5314 ipsa
1253 5238 1493 5308 admonotfurem,
1509 5242 1541 5294 ιιι
1555 5235 1659 5310 rapiat;
1675 5233 1858 5304 iracundum,
1872 5241 1901 5290 ut

242 5339 288 5382 ras
300 5325 460 5402 relinquitis
473 5327 488 5384 f
501 5325 603 5402 quibus
621 5325 744 5400 conjugii
757 5327 845 5386 nostri
859 5327 968 5386 traditis
980 5325 1043 5386 ohe·
1098 5329 1214 5398 seviut3
1241 5327 1412 5399 mendacem,
1426 5334 1458 5384 ut
1472 5327 1560 5386 fallat.
1588 5327 1649 5400 ipsa
1671 5324 1744 5382 inter
1768 5323 1900 5397 conjuges

293 5465 311 5524 8
338 5467 406 5537 Alii,
478 5467 566 5526 medio
574 5483 695 5540 maeret
707 5468 775 5526 bello
788 5475 920 5542 raptores.
1148 5471 1179 5528 ff
1205 5471 1262 5540 At,
1276 5470 1397 5544 gloriosi.

281 5465 311 5680 {9
337 5537 388 5596 lfs.
405 5485 480 5612 iffi,
490 5540 648 5622 ροιιιαηιία.
857 5609 862 5624 ι
979 5611 985 5624 .
1134 5470 1194 5616 M
1210 5541 1316 5616 Papias,
1336 5543 1415 5602 leto
1428 5559 1447 5600 o
1460 5542 1524 5615 qula
1537 5539 1622 5598 dictos
1630 5557 1641 5606 ,·
1651 5553 1744 5612 ganeo,
1756 5537 1898 5612 prodigas.

295 5607 309 5664 l
330 5609 414 5684 >Aa
425 5611 513 5688 plenis
527 5611 661 5687 offences
675 5626 687 5679 ‚·
710 5609 748 5668 al.
765 5615 876 5669 terrem
889 5611 1042 5688 otpxbbsss.
