4082 6176
138 327 185 387 739
536 309 721 387 SEREONES
739 327 768 386 S.
787 327 966 388 AMBROSIO
987 329 1174 388 HACTENUS
1193 329 1365 389 nscnlrrt.
1727 339 1779 396 tto

138 455 223 512 loveas
236 450 350 520 bahent,
362 458 390 508 at
403 453 529 510 volucres
543 455 606 511 coeli
620 453 710 523 nidos,
727 461 754 511 et
768 453 855 511 Filius
870 453 927 512 bo-
940 463 965 522 Α
980 454 1066 510 lluum
1091 462 1149 524 cst;
1165 473 1227 512 eum
1244 455 1272 512 id
1286 457 1379 514 anima
1400 466 1490 515 vestra
1504 458 1606 515 clausis
1627 457 1778 520 visceribus

136 543 285 601 minianon
302 539 395 611 babet,
411 540 459 598 ubi
474 543 774 618 caputreclinetlbuc.
791 561 831 612 nr,
846 543 922 618 58).»
983 560 1039 601 non
1063 549 1120 600 tam
1151 543 1277 601 sitienter
1310 544 1429 614 hauriat,
1463 561 1545 620 quam
1572 541 1781 607 dissimulanter

135 631 228 690 Videte
247 629 293 689 cui
314 629 355 686 rei
370 629 511 687 subtiliter
525 637 715 705 comparetur:
731 640 772 690 est
786 633 860 690 enim
876 633 929 691 boc
983 633 1106 690 ellundat
1122 633 1192 706 (35).
1207 634 1311 692 Fundit
1325 633 1397 691 enim
1414 636 1573 693 mandatum
1593 637 1717 709 Domini,
1733 640 1781 714 qui

135 735 214 794 genus
227 718 356 776 animalis
369 718 465 787 fallax,
481 725 508 775 et
530 719 639 777 insidiis
658 737 765 794 semper
779 722 926 793 intentum,
984 721 1054 778 illud
1081 738 1146 778 aure
1174 739 1223 779 sua
1246 723 1372 796 percipit,
1395 725 1476 782 corde
1497 741 1553 782 uon
1576 727 1721 796 continet;
1751 727 1781 785 in

134 811 224 885 rapina
243 809 356 868 fraudes
376 825 517 880 exercens,
544 811 618 884 qnod
642 811 713 868 nihil
730 821 833 883 tutum,
852 813 926 870 nihil
983 809 1127 882 superficie
1145 811 1219 867 enim
1234 811 1349 884 quadam
1375 814 1498 887 eorporis
1521 813 1591 871 illud
1616 823 1735 888 gestans,
1750 833 1782 874 ac

134 900 260 969 otiosum,
276 898 347 955 nibil
363 899 466 972 patitur
480 915 538 956 esse
551 917 688 971 securum,
700 902 773 976 quod
786 903 858 959 inter
871 903 930 975 ipsa
983 899 1098 954 minime
1124 900 1158 957 ad
1183 900 1314 958 interiora
1342 903 1532 960 transmittens
1560 905 1634 978 quod
1662 903 1780 975 audivit,

134 1007 237 1066 quoque
252 989 398 1047 hominum
414 990 556 1048 domicilia
572 993 692 1065 praedam
708 992 838 1066 requirat.
984 988 1049 1045 dum
1066 991 1251 1060 obliviscitur,
1268 991 1365 1048 seriem
1388 992 1593 1063 praedicationis
1606 993 1736 1063 effundit,
1755 1003 1782 1051 et

168 1082 191 1136 l.
208 1079 295 1146 Quam
311 1079 543 1152 comparationem
553 1097 608 1138 non
624 1082 712 1138 solum
724 1089 836 1154 propter
848 1081 927 1138 illum
984 1079 1022 1136 ita
1046 1079 1158 1136 domum
1185 1097 1289 1138 vacuus
1309 1081 1421 1154 repedat
1441 1081 1511 1155 (36),
1533 1085 1581 1158 qui
1605 1083 1638 1141 de
1658 1083 1782 1142 Ecclesia

134 1172 258 1244 scriptam
277 1177 356 1242 puto,
372 1170 418 1227 sed
443 1178 555 1244 propter
573 1173 716 1245 plerosque
740 1173 822 1230 etiam
842 1172 929 1230 Chri·
983 1177 1099 1227 onustus
1114 1171 1229 1227 exierat.

134 1262 244 1332 stiauos,
259 1262 307 1335 qui
321 1275 368 1319 ore
383 1259 494 1333 quidem
508 1262 595 1317 Deum
611 1261 788 1332 confitentur,
804 1263 928 1320 moribus
1019 1277 1045 1334 2,
1071 1277 1161 1334 picit,
1180 1277 1255 1334 ,nim
1271 1277 1351 1347 mihi,
1367 1277 1429 1352 qui,
1451 1278 1485 1335 d,
1499 1277 1578 1336 vobi,
1597 1295 1659 1338 ,um
1676 1283 1708 1338 ,q
1726 1281 1781 1338 ho.

135 1361 222 1410 noiem
241 1349 368 1424 vulpium
392 1350 503 1428 fillacio
523 1349 716 1421 divefflassiuri
742 1353 833 1409 Omnis
854 1353 928 1409 enim
983 1363 1096 1438 spitium
1112 1364 1234 1435 redierit,
1250 1366 1340 1423 dicet:
1356 1366 1444 1424 Hodie
1454 1367 1613 1424 audivaus
1623 1368 1781 1442 episcopum

135 1443 314 1513 Christianus,
330 1441 377 1516 qni
390 1458 440 1500 nnn
454 1443 517 1499 rnli
527 1452 638 1516 potorio
651 1443 749 1513 coloro,
761 1441 808 1500 hio
821 1443 928 1516 spiriio·
983 1451 1017 1510 de
1032 1455 1214 1528 eleemosynis
1224 1455 1420 1529 disputantem,
1438 1457 1598 1513 remutilem
1609 1457 1782 1530 praedicavit,

135 1533 193 1590 liter
214 1532 312 1606 vulpes
325 1539 376 1589 est.
394 1530 472 1589 Siout
493 1530 568 1588 euim
585 1532 681 1605 vulpes
695 1539 806 1605 propior
820 1531 929 1589 fraudor·
984 1541 1115 1599 dehemus
1129 1543 1295 1616 pauperibus
1308 1544 1432 1602 misereri
1444 1544 1631 1602 lProseoutus
1646 1546 1728 1602 etiam
1739 1553 1783 1602 est

133 1640 191 1682 suas
207 1623 237 1680 in
258 1620 383 1680 latibulis
407 1619 584 1678 demoratur:
601 1620 640 1677 ila
656 1629 683 1677 ei
697 1627 822 1694 peccator
836 1627 930 1678 incelis
983 1631 1017 1688 de
1050 1629 1189 1688 idolorum
1215 1633 1381 1690 exsecranda
1403 1635 1521 1704 cultura,
1550 1631 1723 1707 requiramus
1749 1648 1783 1690 ne

133 1720 241 1789 propior
258 1709 458 1770 fflssssiiessiiiffl
472 1725 550 1786 Suam
566 1715 741 1783 peccatorum
753 1708 841 1766 f0V⁰i⁸
854 1707 931 1766 (ioli-
984 1719 1177 1793 ignorantibus
1188 1722 1269 1780 nobis
1282 1725 1310 1781 in
1327 1725 1498 1798 possessione
1507 1734 1601 1784 nostra
1613 1725 1649 1783 sit
1663 1724 1781 1784 idolum.

132 1803 229 1862 tescit:
245 1810 273 1859 et
284 1798 356 1858 sioni
366 1799 479 1856 ilionon
488 1798 653 1858 andolinior
665 1800 770 1858 modios
783 1798 929 1857 hominnm
944 1825 968 1888 Β
984 1809 1138 1869 Admonuit
1153 1811 1236 1869 etiam
1251 1811 1381 1870 festinare
1394 1813 1492 1872 debere
1507 1814 1735 1872 oaoechumenum
1747 1814 1782 1871 ad

132 1891 226 1950 turbas
248 1907 355 1948 morum
376 1905 490 1948 suornm
511 1889 655 1948 ostentione
674 1889 830 1959 fallacinm
851 1889 890 1945 iia
904 1895 931 1946 oi
985 1899 1101 1972 gratiam
1115 1899 1190 1970 fidei,
1207 1901 1355 1959 offeramus
1368 1901 1510 1961 familiolae
1524 1912 1624 1961 nostrae
1646 1911 1678 1960 ut
1699 1903 1783 1961 fidem

133 1983 178 2042 hio
192 1983 330 2042 crubescit
346 1983 374 2042 in
398 1982 489 2040 media
502 1983 626 2041 Ecclesia
644 1983 861 2043 conversationis
875 1999 930 2040 suae
984 1987 1111 2062 quisquis
1123 1989 1174 2046 'est
1194 1988 1294 2061 fidelis,
1310 1991 1441 2064 accipiat;
1458 2008 1493 2050 na
1516 1991 1587 2049 forte
1601 1990 1672 2049 ratio
1687 1993 1785 2050 salutis

134 2077 285 2152 nequitiam
311 2074 446 2134 confiteri.
469 2079 542 2140 446
565 2075 684 2149 Vulpem
708 2075 788 2149 plane
810 2073 930 2132 dixerim
985 2092 1080 2134 eorum
1096 2079 1365 2152 queraturanobis,
1381 2081 1518 2155 quievita
1532 2098 1627 2139 eorum
1642 2099 1677 2140 cx
1690 2090 1785 2140 nostro

132 2192 242 2235 omnem
257 2175 455 2244 Christianum,
471 2177 519 2250 qui
533 2191 583 2233 suo
599 2173 748 2233 insidiatur
762 2175 867 2243 vicino,
882 2173 929 2248 qui
985 2169 1085 2244 pendet
1101 2170 1227 2230 arbitrio.
1242 2173 1328 2231 Nemo
1351 2173 1385 2230 de
1406 2173 1456 2231 Dei
1472 2173 1553 2232 rebus
1575 2175 1687 2249 cogitat,
1702 2191 1785 2232 nemo

131 2267 256 2342 quotidie
277 2266 379 2325 nititur
400 2266 469 2325 fines
483 2265 590 2325 alienos
608 2265 746 2337 arrodere,
762 2267 869 2324 fructus
882 2266 930 2322 in·
984 2258 1018 2317 de
1033 2258 1077 2317 die
1090 2259 1191 2334 judicii
1206 2261 1340 2336 loquitur,
1352 2263 1430 2337 quasi
1444 2271 1549 2337 autper
1563 2264 1656 2321 omnia
1670 2262 1784 2335 victuri,

130 2361 240 2432 radere,
260 2358 392 2419 adimalia
416 2359 558 2432 devorare,
583 2369 611 2419 et
633 2359 707 2435 quod
731 2368 772 2418 est
795 2359 932 2416 familiare
985 2359 1033 2408 aut
1052 2366 1100 2424 per
1122 2352 1218 2408 omnia
1234 2353 1374 2410 morituri.
1394 2353 1464 2412 ldihi
1481 2355 1594 2426 credite,
1610 2353 1785 2412 itavivimus

130 2447 193 2507 huic
215 2441 344 2523 tempori,
367 2466 423 2507 non
438 2449 496 2523 jam
518 2452 644 2526 vulpium
669 2467 745 2508 more
764 2450 863 2524 pullos,
884 2447 931 2506 sed
986 2439 1016 2496 in
1030 2439 1083 2498 hoo
1098 2442 1211 2511 seculo,
1227 2450 1258 2498 ut
1271 2457 1386 2516 corpore
1400 2443 1570 2501 moriamur:
1586 2443 1624 2502 ita
1638 2445 1784 2514 morimur,

129 2540 259 2614 luporum
274 2557 352 2598 more
367 2557 461 2615 rapere
485 2559 600 2615 porcos:
624 2542 672 2617 qui
692 2541 758 2599 dum
773 2558 823 2599 guo
838 2541 931 2597 labore
985 2536 1017 2586 ui
1031 2530 1132 2587 talioni
1143 2529 1289 2589 rddtiDlldae
1297 2531 1433 2588 vivamus.
1444 2532 1563 2590 Moritur
1571 2531 1682 2588 inierim
1690 2531 1784 2600 homo,

130 2629 217 2703 possit
230 2645 260 2687 se
279 2629 378 2703 Juvare
395 2629 466 2704 (33),
482 2631 601 2690 ierarum
617 2630 693 2689 rabie
707 2631 827 2706 praedam
841 2637 932 2702 captet
986 2621 1034 2678 sed
1061 2629 1172 2679 actuum
1201 2637 1282 2679 causa
1305 2637 1360 2678 non
1385 2622 1530 2680 moritur:
1557 2623 1668 2678 vivente
1692 2630 1784 2679 autem

129 2719 260 2777 alienam.
986 2725 1077 2780 causa,
1094 2725 1204 2768 necesse
1222 2717 1263 2767 est
1284 2720 1316 2767 ut
1328 2725 1417 2768 causa
1428 2726 1486 2770 suae
1501 2725 1617 2783 persona
1630 2725 1686 2767 nou
1701 2710 1782 2780 desit,

162 2811 189 2868 8.
208 2809 359 2870 llaeretioos
373 2811 456 2870 etiam
468 2829 562 2871 omnes
576 2812 696 2872 arbitror
704 2811 835 2886 vulpibus
851 2803 933 2870 com-
986 2800 1059 2857 ³i⁰1¹i
1084 2799 1123 2856 aii
1137 2799 1288 2873 3503Ῑὶ33ἔκ
1324 2800 1426 2859 «Ecce
1447 2799 1542 2871 h⁰ffl02
1566 2807 1593 2858 θῑ
1619 2815 1701 2874 Olera
1723 2801 1784 2874 01¹¹ss

20 2959 24 2969 ,
129 2901 279 2973 parandos,
299 2903 348 2977 qui
363 2919 426 2961 oum
450 2903 480 2961 in
495 2904 578 2962 domo
602 2904 715 2962 Domini
739 2903 863 2961 habitare
877 2919 933 2960 non
988 2889 1057 2962 (1³1¹-
1070 2903 1127 2958 ΠΙ,
1144 2888 1229 2960 943·

129 2993 249 3064 possint,
265 2994 459 3053 conventicula
469 2995 522 3053 sibi
536 2995 662 3070 quaedam
672 2997 750 3053 velut
763 2994 856 3052 foveas
867 3013 933 3068 prae·
1023 2995 1049 3055 3.
1079 2996 1228 3056 Volucrem
1256 3012 1320 3070 ergo
1344 2997 1504 3056 subtrahere
1527 2998 1607 3057 vobis
1632 2999 1785 3058 Dominioae

129 3089 231 3153 parant
252 3083 419 3154 tenebrosas,
440 3084 469 3141 in
493 3083 595 3159 quibus
614 3083 791 3159 pertinaciter
807 3085 934 3155 latentes,
989 3084 1195 3160 praedicationis
1207 3085 1327 3159 eloquia,
1344 3085 1785 3160 nonquodiratoshoclacerem,

130 3173 301 3233 insidiantur
310 3177 440 3235 Ecclesiae
451 3195 458 3246 ;
470 3184 503 3234 ut
517 3178 602 3252 siqua
617 3179 750 3237 innocens
765 3177 935 3236 animatorte
949 3188 974 3253 c
988 3176 1036 3233 sed
1066 3184 1097 3233 ut
1123 3174 1309 3248 evangelicam
1337 3177 1501 3234 sentemiam
1528 3176 1706 3235 custodirem.
1739 3176 1787 3232 Ait

129 3269 308 3342 processerit,
337 3271 415 3327 velut
441 3269 555 3344 pullum·
576 3271 686 3346 gellius
714 3271 810 3329 matris
836 3270 936 3328 absor-
990 3265 1064 3321 enim
1078 3265 1232 3322 Dominus:
1260 3263 1339 3333 «Qui
1360 3265 1453 3336 habet,
1473 3265 1584 3325 dabitur
1599 3266 1635 3336 ei,
1652 3274 1679 3323 et
1694 3264 1788 3322 abun-

129 3361 228 3422 bcant.
245 3363 424 3434 lusidiantur,
449 3363 575 3438 iuquam,
596 3366 696 3438 vulpes
716 3362 859 3430 Ecclesiae,
883 3361 937 3419 boo
991 3351 1084 3410 dobiil
1111 3361 1139 3410 ei
1153 3351 1201 3426 qui
1220 3369 1276 3410 11⁰ss
1298 3353 1389 3424 habeis
1405 3354 1436 3412 id
1450 3355 1524 3430 (1¹¹⁰‘i
1538 3354 1629 3425 hibet,
1644 3354 1788 3412 meretur

132 3459 183 3524 cst,
205 3453 332 3513 heretici
360 3454 526 3529 evangelicae
550 3454 593 3511 illi
616 3456 736 3530 gallina,
761 3453 795 3511 de
821 3469 875 3528 qua
897 3451 937 3508 ait
990 3442 1025 3500 ob
1039 3460 1071 3500 00
1087 3443 1163 3518 (ino
1180 3460 1240 3513 XIX»
1257 3443 1316 3518 26).
1334 3469 1343 3494 ·
1362 3444 1479 3503 Habenti
1494 3461 1558 3519 018⁰
1572 3444 1632 3502 dori
1644 3443 1743 3517 iiiiiit
1760 3450 1788 3499 0⁸

130 3541 288 3602 Dominum
320 3544 455 3613 ,Quoties
477 3545 555 3602 volup
580 3562 744 3620 wngfegare
767 3545 840 3602 filio,
864 3552 936 3614 tuos,
991 3549 1047 3590 non
1062 3531 1176 3590 habenti
1190 3548 1247 3588 uon
1261 3533 1351 3590 solum
1365 3550 1423 3590 nou
1435 3533 1505 3604 dari,
1517 3534 1566 3592 sed
1579 3534 1661 3591 etiam
1673 3533 1702 3590 id
1714 3530 1789 3606 quotl

132 3633 208 3692 aient
237 3633 340 3706 gallina
370 3635 477 3708 colligit
504 3636 596 3710 pullos
621 3653 686 3694 suos
713 3635 764 3694 sub
793 3635 849 3692 alas
874 3649 938 3691 suas
991 3623 1085 3693 habet,
1101 3621 1214 3680 auferri.
1231 3621 1297 3691 Quae
1312 3624 1450 3682 sententia
1466 3622 1698 3696 snperlluavohis
1711 3621 1790 3679 forsi-

134 3722 245 3795 (narn.
266 3741 350 3795 xxnr,
366 3725 412 3802 37)
426 3727 431 3784 l
445 3753 454 3778 ι
470 3725 523 3785 Sed
539 3727 598 3799 ipsa
606 3727 678 3785 sicut
687 3725 801 3784 Samson
811 3725 938 3782 ardentes
991 3721 1038 3770 ion
1060 3711 1188 3770 videtur:
1210 3728 1259 3785 080
1288 3720 1380 3770 autem
1408 3712 1471 3771 (11⁰0
1497 3722 1572 3772 100ae
1597 3730 1629 3773 ³⁰
1654 3713 1792 3787 sapienter

133 3817 209 3878 iaces
220 3819 353 3897 vulpibus
367 3821 505 3896 religavit.
992 3802 1144 3860 Dominum
1168 3801 1339 3875 praecepisse.
1363 3800 1483 3859 Habenti
1504 3819 1569 3876 ergo
1584 3801 1699 3876 jubetur
1719 3801 1790 3902 dari.

431 3940 549 3998 SERMO
562 3941 647 3998 XLII·
991 3891 1113 3948 Meretur
1126 3891 1207 3962 plane
1217 3891 1352 3963 accipere,
1366 3891 1463 3963 quiite
1476 3889 1622 3960 laboravit,
1637 3900 1669 3948 ut
1681 3905 1793 3965 propria

269 4028 275 4041 ·
746 4033 752 4046 .
911 4033 916 4044 .
992 3982 1181 4040 sollicitudIne
1200 3982 1300 4038 anima
1315 3999 1370 4039 suae
1384 3981 1496 4041 divitias
1512 3981 1649 4056 spiritales
1663 3983 1793 4057 acquire·

134 4026 487 4170 memmiieaffgqffieiffi
501 4031 590 4171 m?
600 4033 834 4174 fflufflffim
855 4040 897 4092 ⁰⁸²
909 4048 939 4088 ¹¹¹
992 4078 1036 4128 ret
1051 4089 1057 4128 :
1075 4080 1106 4128 ut
1120 4079 1187 4145 puta
1200 4071 1263 4145 quis
1277 4071 1457 4130 continentiae
1472 4073 1538 4129 forti
1553 4071 1695 4145 proposito
1709 4069 1793 4142 coepit

375 4186 546 4245 cmm„
561 4191 641 4260 vobi„
654 4201 706 4252 etc·
993 4162 1163 4220 castimoniae
1179 4162 1320 4220 custodire
1329 4164 1472 4234 virtutem,
1488 4170 1609 4220 meretur
1622 4159 1718 4219 audire
1731 4176 1792 4234 quae

136 4279 201 4338 Cu,
215 4279 285 4336 pm„
297 4295 440 4335 mom
455 4279 610 4335 ,mm-„pm
631 4281 745 4352 cuipiam
760 4282 839 4340 pam·
851 4281 940 4356 popu,
994 4251 1130 4312 castitatis
1146 4253 1332 4310 remuneratio
1346 4253 1502 4320 ablutura:
1515 4259 1546 4308 ut
1559 4251 1594 4309 ad
1611 4251 1724 4308 virtutis
1738 4249 1794 4307 ob-

175 4369 258 4424 quom
282 4350 363 4408 alteri
389 4351 561 4422 assignemus,
583 4350 650 4407 nibil
669 4354 800 4409 occurrit:
827 4371 860 4410 ‚w
879 4371 941 4411 vero
994 4341 1160 4400 servantiam
1187 4341 1302 4399 audiens
1325 4341 1383 4415 (37)
1411 4340 1643 4399 remunerationis
1666 4341 1806 4413 gloriam,=

176 4422 385 4482 Animorum
396 4427 589 4495 trionum,
606 4421 673 4479 nibil
686 4439 740 4478 noa
751 4426 886 4483 reclamet.
994 4431 1105 4489 laeilius
1118 4430 1205 4504 possit
1220 4447 1350 4505 pugnam,
1366 4446 1448 4504 quam
1461 4431 1555 4504 coepit,
1571 4439 1697 4490 atterere.
1715 4429 1795 4488 illius

177 4537 205 4594 l.
223 4537 391 4609 Frequenter
407 4533 565 4593 studueram
575 4533 647 4607 apud
663 4549 707 4590 mc
721 4533 821 4608 ipsum,
833 4534 979 4615 iratres„
997 4521 1031 4580 ad
1043 4519 1263 4578 misericordiam
1285 4527 1429 4596 promptus
1449 4519 1531 4578 debet
1544 4520 1639 4579 audire
1654 4519 1719 4595 quia
1742 4519 1795 4592 ipsi

137 4625 303 4684 subtrahere
329 4624 408 4683 vobis
429 4624 580 4684 Dominicae
604 4623 809 4700 predicationis
823 4623 941 4698 eloquia,
997 4612 1173 4670 miserebitur
1195 4613 1278 4682 Deus,
1297 4620 1324 4670 ⁰²
1347 4609 1395 4686 (lui
1414 4610 1488 4670 hini
1509 4620 1647 4669 lemnam
1669 4612 1795 4669 Subsiafl·

137 4735 172 4775 ao
188 4733 243 4774 non
266 4714 376 4790 elargiri
391 4715 490 4787 saepius
504 4731 662 4774 sermonum
677 4715 832 4775 coelcstium
848 4731 942 4773 sacra-
996 4705 1064 4761 iiim
1078 4703 1352 4763 wiosiibuffliliiiiss
1364 4701 1796 4777 respausabit,neeessees1447

139 4812 249 4862 menta.
271 4803 413 4878 Siquidem
427 4804 499 4863 nihil
520 4806 607 4880 prosit
621 4805 719 4865 offerre
742 4805 843 4882 pabula
859 4825 943 4868 recu·
996 4811 1028 4860 ut
1037 4803 1196 4860 auscultans
1206 4801 1428 4860 vicissitudinem
1441 4802 1595 4861 coelestium
1607 4803 1795 4877 praemiorum,

138 4897 229 4968 santi,
246 4906 274 4955 et
289 4906 384 4972 potum
402 4899 540 4972 porrigere
563 4899 679 4957 minime
698 4900 822 4958 sitienti:
848 4915 898 4958 cur
914 4897 944 4956 id
998 4893 1152 4966 promptior
1165 4909 1198 4949 no
1211 4891 1342 4950 libentior
1356 4908 1425 4966 opos
1439 4893 1551 4951 Domini
1566 4902 1755 4967 prosequatur,
1769 4900 1798 4951 ot

140 4985 220 5064 quod
235 4987 341 5058 offeras,
358 5004 416 5046 nou
430 4999 486 5047 tam
501 4990 618 5048 libenter
632 4989 753 5060 hauriat,
772 5007 854 5066 quam
869 4990 944 5048 fasti.
999 4981 1033 5038 ad
1047 4981 1243 5039 misericordias
1259 4979 1332 5054 quod
1347 4979 1429 5038 babet
1442 4981 1557 5053 bonum,
1569 4982 1705 5058 largitatis
1716 4981 1798 5040 addat

140 5077 223 5134 diosc
236 5078 312 5134 velut
332 5079 523 5136 turbulentum
542 5079 659 5148 reddat;
675 5087 758 5154 atque
772 5079 811 5137 ita
832 5082 904 5140 sicut
918 5090 945 5140 et
999 5080 1187 5144 wintonium·
1199 5073 1265 5130 id0⁰
1275 5074 1315 5130 nii
1329 5073 1474 5131 D0¹¹¹i1¹t¹⁵2
1499 5072 1563 5142 ¹Qni
1579 5073 1671 5142 habeb
1687 5072 1799 5131 dabitur

141 5168 240 5244 poculi
267 5169 411 5228 sinceritas
433 5171 559 5242 vitietur,
582 5180 609 5229 ot
631 5188 725 5230 causas
748 5172 844 5230 delicti
863 5173 946 5230 lasti·
1001 5161 1062 5231 ei,»
1093 5163 1145 5221 hoo
1158 5171 1208 5233 osi,
1233 5163 1282 5237 qni
1296 5163 1375 5220 <lives
1398 5162 1483 5221 suerii
1497 5163 1579 5222 bonis
1597 5162 1736 5238 oporibus,
1752 5159 1798 5219 hic

140 5266 242 5326 diosus
259 5275 367 5340 potator
381 5265 530 5325 inveniat?
541 5266 586 5325 Sic
595 5283 659 5340 ergo
671 5277 698 5327 ct
707 5268 836 5328 charitati
848 5278 945 5328 vestrae
1001 5252 1089 5328 maiis
1105 5253 1263 5328 elissieliffl
1277 5253 1473 5329 llfaedissiiifflle
1489 5255 1603 5312 (iiiim-

142 5359 270 5433 ingerere
280 5357 522 5436 Dominicipocnli
532 5359 754 5434 predicationem
765 5361 835 5420 ione
853 5379 946 5438 super·
1036 5364 1063 5424 3.
1075 5365 1211 5426 Caetcrum
1222 5365 1246 5424 si
1258 5365 1421 5426 fornicatori
1439 5363 1580 5440 prodicos,
1591 5368 1618 5420 et
1632 5359 1708 5419 dicas
1723 5356 1798 5434 quod

200 5467 233 5524 33
262 5465 357 5526 Codex
371 5467 470 5540 bugd,
485 5484 533 5523 ano
547 5466 635 5524 tubum
644 5471 729 5542 possit
738 5470 844 5536 ua'oere.¹
1001 5473 1054 5540 irs,
1086 5474 1115 5532 oi
1128 5474 1159 5531 de
1173 5473 1266 5532 vestris
1277 5493 1347 5546 evm,
1362 5482 1415 5534 otc.

169 5609 176 5620 ·
199 5537 233 5620 35
261 5539 302 5597 lta
315 5537 377 5622 cod.
392 5537 480 5612 Lugd.
494 5547 521 5596 et
534 5539 657 5598 Vallisel.
671 5559 686 5608 ;.
695 5542 760 5600 edit.
768 5559 852 5618 vero,
866 5561 948 5618 qaum
1039 5491 1098 5619 (ii)
1115 5545 1209 5606 Codex
1222 5547 1360 5620 Vallisel.,
1376 5547 1413 5606 ud
1426 5545 1533 5604 mutato
1545 5538 1739 5599 nemetiam
1752 5539 1799 5597 orl-

143 5609 347 5667 dasssntolontn·
360 5610 496 5680 enfandot.
510 5609 571 5668 Nou
584 5619 666 5670 racto.
1002 5617 1065 5674 dens

187 5679 246 5755 (33)
261 5681 349 5755 bugd.
364 5681 463 5754 codex,
479 5681 585 5740 murm
598 5700 697 5743 oceane
715 5692 826 5759 repant.
848 5687 885 5746 Et
898 5687 948 5746 in-
