<?xml version="1.0" encoding="UTF-8"?>
<!DOCTYPE html PUBLIC "-//W3C//DTD XHTML 1.0 Transitional//EN"
    "http://www.w3.org/TR/xhtml1/DTD/xhtml1-transitional.dtd">
<html xmlns="http://www.w3.org/1999/xhtml" xml:lang="en" lang="en">
 <head>
  <title>
</title>
<meta http-equiv="Content-Type" content="text/html;charset=utf-8" />
  <meta name='ocr-system' content='tesseract 3.04.00' />
  <meta name='ocr-capabilities' content='ocr_page ocr_carea ocr_par ocr_line ocrx_word'/>
</head>
<body>
  <div class='ocr_page' id='page_1' title='image "./patrologiaecurs131migngoog_0414.png"; bbox 0 0 4052 6192; ppageno 0'>
   <div class='ocr_carea' id='block_1_1' title="bbox 135 351 1782 414">
    <p class='ocr_par' dir='ltr' id='par_1_1' title="bbox 135 351 1782 414">
     <span class='ocr_line' id='line_1_1' title="bbox 135 351 1782 414; baseline 0.001 -2"><span class='ocrx_word' id='word_1_1' title='bbox 135 353 185 413; x_wconf 77' lang='lat'>817</span> <span class='ocrx_word' id='word_1_2' title='bbox 581 353 764 412; x_wconf 78' lang='lat' dir='ltr'><strong>EPISTOLAE</strong></span> <span class='ocrx_word' id='word_1_3' title='bbox 783 352 834 410; x_wconf 84' lang='lat' dir='ltr'>EX</span> <span class='ocrx_word' id='word_1_4' title='bbox 852 352 1088 413; x_wconf 78' lang='lat' dir='ltr'>Aneeosttnrs</span> <span class='ocrx_word' id='word_1_5' title='bbox 1105 351 1338 412; x_wconf 81' lang='lat' dir='ltr'><strong>SEGREGATAE.</strong></span> <span class='ocrx_word' id='word_1_6' title='bbox 1728 355 1782 414; x_wconf 82' lang='lat' dir='ltr'>ele</span> 
     </span>
    </p>
   </div>
   <div class='ocr_carea' id='block_1_2' title="bbox 133 477 1791 1004">
    <p class='ocr_par' dir='ltr' id='par_1_2' title="bbox 134 477 1789 644">
     <span class='ocr_line' id='line_1_2' title="bbox 134 477 1789 557; baseline -0.001 -20"><span class='ocrx_word' id='word_1_7' title='bbox 134 493 252 554; x_wconf 88' lang='lat' dir='ltr'>namque</span> <span class='ocrx_word' id='word_1_8' title='bbox 271 477 307 536; x_wconf 92' lang='lat' dir='ltr'>ad</span> <span class='ocrx_word' id='word_1_9' title='bbox 327 495 485 536; x_wconf 89' lang='lat' dir='ltr'>mensuram</span> <span class='ocrx_word' id='word_1_10' title='bbox 507 479 663 554; x_wconf 79' lang='lat' dir='ltr'>corpusculi</span> <span class='ocrx_word' id='word_1_11' title='bbox 686 480 746 553; x_wconf 87' lang='lat' dir='ltr'>ejus</span> <span class='ocrx_word' id='word_1_12' title='bbox 764 487 858 554; x_wconf 89' lang='lat' dir='ltr'>aptum</span> <span class='ocrx_word' id='word_1_13' title='bbox 879 482 976 542; x_wconf 77' lang='lat' dir='ltr'>crath</span> <span class='ocrx_word' id='word_1_14' title='bbox 993 485 1108 552; x_wconf 89' lang='lat' dir='ltr'>aptaret,</span> <span class='ocrx_word' id='word_1_15' title='bbox 1132 477 1210 538; x_wconf 80' lang='lat' dir='ltr'>dedit</span> <span class='ocrx_word' id='word_1_16' title='bbox 1231 495 1294 536; x_wconf 90' lang='lat' dir='ltr'>eum</span> <span class='ocrx_word' id='word_1_17' title='bbox 1318 479 1431 557; x_wconf 84' lang='lat' dir='ltr'>angelus</span> <span class='ocrx_word' id='word_1_18' title='bbox 1452 479 1566 536; x_wconf 84' lang='lat' dir='ltr'>Domini</span> <span class='ocrx_word' id='word_1_19' title='bbox 1590 479 1620 535; x_wconf 89' lang='lat' dir='ltr'>in</span> <span class='ocrx_word' id='word_1_20' title='bbox 1644 478 1789 552; x_wconf 83' lang='lat' dir='ltr'>reprobam</span> 
     </span>
     <span class='ocr_line' id='line_1_3' title="bbox 135 569 1379 644; baseline -0.001 -17"><span class='ocrx_word' id='word_1_21' title='bbox 135 570 342 638; x_wconf 90' lang='lat' dir='ltr'>indumentum,</span> <span class='ocrx_word' id='word_1_22' title='bbox 357 577 385 626; x_wconf 92' lang='lat' dir='ltr'>et</span> <span class='ocrx_word' id='word_1_23' title='bbox 403 569 443 626; x_wconf 87' lang='lat' dir='ltr'>ita</span> <span class='ocrx_word' id='word_1_24' title='bbox 460 570 550 626; x_wconf 91' lang='lat' dir='ltr'>nimio</span> <span class='ocrx_word' id='word_1_25' title='bbox 564 569 682 628; x_wconf 90' lang='lat' dir='ltr'>caudore</span> <span class='ocrx_word' id='word_1_26' title='bbox 697 571 888 644; x_wconf 90' lang='lat' dir='ltr'>conspicuum,</span> <span class='ocrx_word' id='word_1_27' title='bbox 905 579 937 628; x_wconf 87' lang='lat' dir='ltr'>ut</span> <span class='ocrx_word' id='word_1_28' title='bbox 991 585 1073 644; x_wconf 88' lang='lat' dir='ltr'>quarn</span> <span class='ocrx_word' id='word_1_29' title='bbox 1090 569 1235 644; x_wconf 79' lang='lat' dir='ltr'><strong>conspicis,</strong></span> <span class='ocrx_word' id='word_1_30' title='bbox 1252 577 1379 628; x_wconf 88' lang='lat' dir='ltr'>mortem.</span> 
     </span>
    </p>

    <p class='ocr_par' dir='ltr' id='par_1_3' title="bbox 133 658 1791 1004">
     <span class='ocr_line' id='line_1_4' title="bbox 135 658 1791 734; baseline 0 -18"><span class='ocrx_word' id='word_1_31' title='bbox 135 661 229 718; x_wconf 89' lang='lat' dir='ltr'>nullus</span> <span class='ocrx_word' id='word_1_32' title='bbox 252 658 393 716; x_wconf 81' lang='lat' dir='ltr'>dubitaret</span> <span class='ocrx_word' id='word_1_33' title='bbox 416 659 469 717; x_wconf 91' lang='lat' dir='ltr'>hoc</span> <span class='ocrx_word' id='word_1_34' title='bbox 493 659 625 732; x_wconf 76' lang='lat' dir='ltr'>angelicis</span> <span class='ocrx_word' id='word_1_35' title='bbox 648 659 776 717; x_wconf 91' lang='lat' dir='ltr'>manibus</span> <span class='ocrx_word' id='word_1_36' title='bbox 796 677 936 734; x_wconf 84' lang='lat' dir='ltr'>praepara·</span> <span class='ocrx_word' id='word_1_37' title='bbox 1028 659 1071 716; x_wconf 87' lang='lat' dir='ltr'>ll.</span> <span class='ocrx_word' id='word_1_38' title='bbox 1095 661 1171 718; x_wconf 91' lang='lat' dir='ltr'>Dicit</span> <span class='ocrx_word' id='word_1_39' title='bbox 1193 660 1218 717; x_wconf 88' lang='lat' dir='ltr'>ei</span> <span class='ocrx_word' id='word_1_40' title='bbox 1247 660 1408 733; x_wconf 76' lang='lat' dir='ltr'>praefectus:</span> <span class='ocrx_word' id='word_1_41' title='bbox 1430 661 1463 717; x_wconf 92' lang='lat' dir='ltr'>lu</span> <span class='ocrx_word' id='word_1_42' title='bbox 1482 659 1536 717; x_wconf 90' lang='lat' dir='ltr'>hoc</span> <span class='ocrx_word' id='word_1_43' title='bbox 1558 659 1701 733; x_wconf 76' lang='lat' dir='ltr'>apparebit</span> <span class='ocrx_word' id='word_1_44' title='bbox 1725 660 1791 734; x_wconf 90' lang='lat' dir='ltr'>quia</span> 
     </span>
     <span class='ocr_line' id='line_1_5' title="bbox 133 747 1789 828; baseline 0.002 -21"><span class='ocrx_word' id='word_1_45' title='bbox 133 757 203 808; x_wconf 91' lang='lat' dir='ltr'>tum.</span> <span class='ocrx_word' id='word_1_46' title='bbox 219 750 328 805; x_wconf 88' lang='lat' dir='ltr'>Interea</span> <span class='ocrx_word' id='word_1_47' title='bbox 342 747 457 820; x_wconf 83' lang='lat' dir='ltr'>lupanar</span> <span class='ocrx_word' id='word_1_48' title='bbox 470 748 588 806; x_wconf 86' lang='lat' dir='ltr'>edicitur</span> <span class='ocrx_word' id='word_1_49' title='bbox 601 749 678 805; x_wconf 92' lang='lat' dir='ltr'>locus</span> <span class='ocrx_word' id='word_1_50' title='bbox 689 749 870 818; x_wconf 90' lang='lat' dir='ltr'>orationis‚in</span> <span class='ocrx_word' id='word_1_51' title='bbox 880 766 936 823; x_wconf 94' lang='lat' dir='ltr'>quo</span> <span class='ocrx_word' id='word_1_52' title='bbox 990 770 1046 810; x_wconf 91' lang='lat' dir='ltr'>non</span> <span class='ocrx_word' id='word_1_53' title='bbox 1067 753 1181 828; x_wconf 89' lang='lat' dir='ltr'>magicis</span> <span class='ocrx_word' id='word_1_54' title='bbox 1200 754 1305 814; x_wconf 87' lang='lat' dir='ltr'>artibus</span> <span class='ocrx_word' id='word_1_55' title='bbox 1319 754 1373 811; x_wconf 92' lang='lat' dir='ltr'>ista</span> <span class='ocrx_word' id='word_1_56' title='bbox 1387 752 1504 826; x_wconf 87' lang='lat' dir='ltr'>gessisti,</span> <span class='ocrx_word' id='word_1_57' title='bbox 1519 751 1543 808; x_wconf 92' lang='lat' dir='ltr'>si</span> <span class='ocrx_word' id='word_1_58' title='bbox 1566 751 1710 824; x_wconf 90' lang='lat' dir='ltr'>deprecata</span> <span class='ocrx_word' id='word_1_59' title='bbox 1723 751 1789 810; x_wconf 89' lang='lat' dir='ltr'>fue-</span> 
     </span>
     <span class='ocr_line' id='line_1_6' title="bbox 134 836 1788 916; baseline 0.002 -19"><span class='ocrx_word' id='word_1_60' title='bbox 134 838 297 912; x_wconf 92' lang='lat' dir='ltr'>omnesqui</span> <span class='ocrx_word' id='word_1_61' title='bbox 321 836 439 894; x_wconf 88' lang='lat' dir='ltr'>fuissent</span> <span class='ocrx_word' id='word_1_62' title='bbox 458 837 585 910; x_wconf 86' lang='lat' dir='ltr'>ingressi,</span> <span class='ocrx_word' id='word_1_63' title='bbox 614 837 760 894; x_wconf 84' lang='lat' dir='ltr'>adorarent</span> <span class='ocrx_word' id='word_1_64' title='bbox 777 847 805 896; x_wconf 88' lang='lat' dir='ltr'>et</span> <span class='ocrx_word' id='word_1_65' title='bbox 823 853 934 895; x_wconf 89' lang='lat' dir='ltr'>venera·</span> <span class='ocrx_word' id='word_1_66' title='bbox 988 842 1029 899; x_wconf 88' lang='lat' dir='ltr'>ris</span> <span class='ocrx_word' id='word_1_67' title='bbox 1052 843 1143 915; x_wconf 91' lang='lat' dir='ltr'>ipsum</span> <span class='ocrx_word' id='word_1_68' title='bbox 1166 844 1304 916; x_wconf 83' lang='lat' dir='ltr'>angelum,</span> <span class='ocrx_word' id='word_1_69' title='bbox 1322 851 1353 899; x_wconf 93' lang='lat' dir='ltr'>ut</span> <span class='ocrx_word' id='word_1_70' title='bbox 1365 841 1492 899; x_wconf 86' lang='lat' dir='ltr'>restituat</span> <span class='ocrx_word' id='word_1_71' title='bbox 1506 839 1575 897; x_wconf 92' lang='lat' dir='ltr'>mibi</span> <span class='ocrx_word' id='word_1_72' title='bbox 1590 841 1680 897; x_wconf 85' lang='lat' dir='ltr'>filium</span> <span class='ocrx_word' id='word_1_73' title='bbox 1695 858 1788 900; x_wconf 86' lang='lat' dir='ltr'>meum</span> 
     </span>
     <span class='ocr_line' id='line_1_7' title="bbox 135 926 1788 1004; baseline 0.001 -19"><span class='ocrx_word' id='word_1_74' title='bbox 135 935 241 996; x_wconf 88' lang='lat' dir='ltr'>rentur,</span> <span class='ocrx_word' id='word_1_75' title='bbox 252 928 349 984; x_wconf 91' lang='lat' dir='ltr'>dantes</span> <span class='ocrx_word' id='word_1_76' title='bbox 359 926 493 984; x_wconf 90' lang='lat' dir='ltr'>honorem</span> <span class='ocrx_word' id='word_1_77' title='bbox 505 927 561 984; x_wconf 92' lang='lat' dir='ltr'>Deo</span> <span class='ocrx_word' id='word_1_78' title='bbox 569 943 619 1000; x_wconf 92' lang='lat' dir='ltr'>pro</span> <span class='ocrx_word' id='word_1_79' title='bbox 629 927 768 984; x_wconf 89' lang='lat' dir='ltr'>immenso</span> <span class='ocrx_word' id='word_1_80' title='bbox 777 929 932 1002; x_wconf 90' lang='lat' dir='ltr'>splendore,</span> <span class='ocrx_word' id='word_1_81' title='bbox 989 949 1099 989; x_wconf 89' lang='lat' dir='ltr'>sanum.</span> <span class='ocrx_word' id='word_1_82' title='bbox 1116 933 1166 990; x_wconf 90' lang='lat' dir='ltr'>Cui</span> <span class='ocrx_word' id='word_1_83' title='bbox 1176 932 1255 989; x_wconf 89' lang='lat' dir='ltr'>beata</span> <span class='ocrx_word' id='word_1_84' title='bbox 1266 933 1357 1004; x_wconf 80' lang='lat' dir='ltr'>Agnes</span> <span class='ocrx_word' id='word_1_85' title='bbox 1365 929 1516 1003; x_wconf 90' lang='lat' dir='ltr'>respondit:</span> <span class='ocrx_word' id='word_1_86' title='bbox 1529 929 1606 986; x_wconf 85' lang='lat' dir='ltr'>Licet</span> <span class='ocrx_word' id='word_1_87' title='bbox 1617 929 1685 986; x_wconf 87' lang='lat' dir='ltr'>fides</span> <span class='ocrx_word' id='word_1_88' title='bbox 1695 938 1788 988; x_wconf 86' lang='lat' dir='ltr'>vestra</span> 
     </span>
    </p>
   </div>
   <div class='ocr_carea' id='block_1_3' title="bbox 20 1015 1787 1094">
    <p class='ocr_par' dir='ltr' id='par_1_4' title="bbox 20 1015 1787 1094">
     <span class='ocr_line' id='line_1_8' title="bbox 20 1015 1787 1094; baseline 0 -19"><span class='ocrx_word' id='word_1_89' title='bbox 20 1029 26 1042; x_wconf 95' lang='grc'>·</span> <span class='ocrx_word' id='word_1_90' title='bbox 131 1025 159 1075; x_wconf 89' lang='lat' dir='ltr'>et</span> <span class='ocrx_word' id='word_1_91' title='bbox 177 1016 338 1074; x_wconf 81' lang='lat' dir='ltr'>mundiores</span> <span class='ocrx_word' id='word_1_92' title='bbox 354 1017 395 1090; x_wconf 77' lang='lat'>(9)</span> <span class='ocrx_word' id='word_1_93' title='bbox 409 1015 605 1090; x_wconf 81' lang='lat' dir='ltr'>egrederentur</span> <span class='ocrx_word' id='word_1_94' title='bbox 620 1017 703 1086; x_wconf 90' lang='lat' dir='ltr'>foras,</span> <span class='ocrx_word' id='word_1_95' title='bbox 718 1034 800 1092; x_wconf 62' lang='lat' dir='ltr'>mam</span> <span class='ocrx_word' id='word_1_96' title='bbox 824 1018 934 1074; x_wconf 89' lang='lat' dir='ltr'>fuerant</span> <span class='ocrx_word' id='word_1_97' title='bbox 990 1020 1043 1077; x_wconf 91' lang='lat' dir='ltr'>hoc</span> <span class='ocrx_word' id='word_1_98' title='bbox 1060 1021 1206 1093; x_wconf 88' lang='lat' dir='ltr'>impetrare</span> <span class='ocrx_word' id='word_1_99' title='bbox 1220 1038 1275 1077; x_wconf 92' lang='lat' dir='ltr'>non</span> <span class='ocrx_word' id='word_1_100' title='bbox 1286 1029 1423 1078; x_wconf 88' lang='lat' dir='ltr'>mereatur</span> <span class='ocrx_word' id='word_1_101' title='bbox 1436 1036 1451 1075; x_wconf 94' lang='lat' dir='ltr'>a</span> <span class='ocrx_word' id='word_1_102' title='bbox 1465 1019 1601 1087; x_wconf 88' lang='lat' dir='ltr'>Dorniu0;</span> <span class='ocrx_word' id='word_1_103' title='bbox 1619 1026 1712 1075; x_wconf 88' lang='lat' dir='ltr'>tamen</span> <span class='ocrx_word' id='word_1_104' title='bbox 1722 1020 1787 1094; x_wconf 82' lang='lat' dir='ltr'>quia</span> 
     </span>
    </p>
   </div>
   <div class='ocr_carea' id='block_1_4' title="bbox 128 1105 1785 1454">
    <p class='ocr_par' dir='ltr' id='par_1_5' title="bbox 132 1105 1785 1184">
     <span class='ocr_line' id='line_1_9' title="bbox 132 1105 1785 1184; baseline 0.002 -20"><span class='ocrx_word' id='word_1_105' title='bbox 132 1108 208 1164; x_wconf 91' lang='lat' dir='ltr'>intus</span> <span class='ocrx_word' id='word_1_106' title='bbox 222 1105 348 1180; x_wconf 90' lang='lat' dir='ltr'>ingressi.</span> <span class='ocrx_word' id='word_1_107' title='bbox 989 1119 1098 1184; x_wconf 88' lang='lat' dir='ltr'>tempus</span> <span class='ocrx_word' id='word_1_108' title='bbox 1108 1120 1148 1168; x_wconf 88' lang='lat' dir='ltr'>est</span> <span class='ocrx_word' id='word_1_109' title='bbox 1163 1119 1194 1168; x_wconf 90' lang='lat' dir='ltr'>ut</span> <span class='ocrx_word' id='word_1_110' title='bbox 1207 1113 1297 1170; x_wconf 80' lang='lat' dir='ltr'>virtus</span> <span class='ocrx_word' id='word_1_111' title='bbox 1310 1111 1424 1169; x_wconf 86' lang='lat' dir='ltr'>Domini</span> <span class='ocrx_word' id='word_1_112' title='bbox 1438 1111 1493 1168; x_wconf 91' lang='lat' dir='ltr'>mei</span> <span class='ocrx_word' id='word_1_113' title='bbox 1502 1111 1566 1168; x_wconf 88' lang='lat' dir='ltr'>lesu</span> <span class='ocrx_word' id='word_1_114' title='bbox 1579 1110 1684 1169; x_wconf 88' lang='lat' dir='ltr'>Christi</span> <span class='ocrx_word' id='word_1_115' title='bbox 1698 1111 1785 1168; x_wconf 90' lang='lat' dir='ltr'>mani·</span> 
     </span>
    </p>

    <p class='ocr_par' dir='ltr' id='par_1_6' title="bbox 128 1194 1785 1454">
     <span class='ocr_line' id='line_1_10' title="bbox 164 1194 1785 1276; baseline 0.003 -22"><span class='ocrx_word' id='word_1_116' title='bbox 164 1195 193 1254; x_wconf 91' lang='grc'>9.</span> <span class='ocrx_word' id='word_1_117' title='bbox 209 1194 335 1269; x_wconf 87' lang='lat' dir='ltr'>Cumque</span> <span class='ocrx_word' id='word_1_118' title='bbox 349 1194 409 1254; x_wconf 81' lang='lat' dir='ltr'>bec</span> <span class='ocrx_word' id='word_1_119' title='bbox 423 1203 580 1269; x_wconf 88' lang='lat' dir='ltr'>agerentur,</span> <span class='ocrx_word' id='word_1_120' title='bbox 595 1195 719 1270; x_wconf 82' lang='lat' dir='ltr'>prefecti</span> <span class='ocrx_word' id='word_1_121' title='bbox 734 1196 810 1253; x_wconf 89' lang='lat' dir='ltr'>filius</span> <span class='ocrx_word' id='word_1_122' title='bbox 824 1195 871 1270; x_wconf 89' lang='lat' dir='ltr'>qui</span> <span class='ocrx_word' id='word_1_123' title='bbox 886 1211 932 1253; x_wconf 89' lang='lat' dir='ltr'>au·</span> <span class='ocrx_word' id='word_1_124' title='bbox 988 1198 1116 1271; x_wconf 84' lang='lat' dir='ltr'>foetetur,</span> <span class='ocrx_word' id='word_1_125' title='bbox 1141 1201 1303 1276; x_wconf 78' lang='lat' dir='ltr'>egredimini</span> <span class='ocrx_word' id='word_1_126' title='bbox 1332 1217 1428 1258; x_wconf 89' lang='lat' dir='ltr'>omnes</span> <span class='ocrx_word' id='word_1_127' title='bbox 1450 1201 1534 1269; x_wconf 88' lang='lat' dir='ltr'>foras,</span> <span class='ocrx_word' id='word_1_128' title='bbox 1561 1209 1592 1257; x_wconf 92' lang='lat' dir='ltr'>ut</span> <span class='ocrx_word' id='word_1_129' title='bbox 1621 1201 1730 1258; x_wconf 90' lang='lat' dir='ltr'>solitam</span> <span class='ocrx_word' id='word_1_130' title='bbox 1759 1201 1785 1259; x_wconf 91' lang='lat' dir='ltr'>ei</span> 
     </span>
     <span class='ocr_line' id='line_1_11' title="bbox 128 1284 1785 1364; baseline 0.004 -24"><span class='ocrx_word' id='word_1_131' title='bbox 128 1292 260 1342; x_wconf 85' lang='lat' dir='ltr'>stererat</span> <span class='ocrx_word' id='word_1_132' title='bbox 274 1284 357 1358; x_wconf 83' lang='lat' dir='ltr'>hujus</span> <span class='ocrx_word' id='word_1_133' title='bbox 371 1285 494 1355; x_wconf 91' lang='lat' dir='ltr'>sceleris,</span> <span class='ocrx_word' id='word_1_134' title='bbox 514 1285 592 1343; x_wconf 86' lang='lat' dir='ltr'>venit</span> <span class='ocrx_word' id='word_1_135' title='bbox 617 1286 652 1342; x_wconf 91' lang='lat' dir='ltr'>ad</span> <span class='ocrx_word' id='word_1_136' title='bbox 666 1285 756 1344; x_wconf 90' lang='lat' dir='ltr'>locum</span> <span class='ocrx_word' id='word_1_137' title='bbox 772 1303 836 1344; x_wconf 91' lang='lat' dir='ltr'>cum</span> <span class='ocrx_word' id='word_1_138' title='bbox 855 1285 932 1344; x_wconf 89' lang='lat' dir='ltr'>soda-</span> <span class='ocrx_word' id='word_1_139' title='bbox 988 1290 1140 1348; x_wconf 88' lang='lat' dir='ltr'>oretionem</span> <span class='ocrx_word' id='word_1_140' title='bbox 1165 1292 1288 1348; x_wconf 86' lang='lat' dir='ltr'>offeram.</span> <span class='ocrx_word' id='word_1_141' title='bbox 1306 1291 1429 1364; x_wconf 86' lang='lat' dir='ltr'>Cumque</span> <span class='ocrx_word' id='word_1_142' title='bbox 1443 1290 1566 1347; x_wconf 83' lang='lat' dir='ltr'>universi</span> <span class='ocrx_word' id='word_1_143' title='bbox 1580 1290 1653 1346; x_wconf 92' lang='lat' dir='ltr'>foras</span> <span class='ocrx_word' id='word_1_144' title='bbox 1667 1290 1785 1347; x_wconf 88' lang='lat' dir='ltr'>fuissent</span> 
     </span>
     <span class='ocr_line' id='line_1_12' title="bbox 128 1371 1783 1454; baseline 0.005 -26"><span class='ocrx_word' id='word_1_145' title='bbox 128 1371 202 1430; x_wconf 88' lang='lat' dir='ltr'>libus</span> <span class='ocrx_word' id='word_1_146' title='bbox 216 1373 450 1445; x_wconf 80' lang='lat' dir='ltr'>suisjuroncutis,</span> <span class='ocrx_word' id='word_1_147' title='bbox 465 1375 543 1449; x_wconf 93' lang='lat' dir='ltr'>quasi</span> <span class='ocrx_word' id='word_1_148' title='bbox 559 1374 741 1434; x_wconf 88' lang='lat' dir='ltr'>insultaturus</span> <span class='ocrx_word' id='word_1_149' title='bbox 749 1377 857 1449; x_wconf 86' lang='lat' dir='ltr'>puellae,</span> <span class='ocrx_word' id='word_1_150' title='bbox 867 1392 931 1434; x_wconf 88' lang='lat' dir='ltr'>com</span> <span class='ocrx_word' id='word_1_151' title='bbox 986 1380 1097 1454; x_wconf 89' lang='lat' dir='ltr'>egressi,</span> <span class='ocrx_word' id='word_1_152' title='bbox 1122 1389 1296 1453; x_wconf 89' lang='lat' dir='ltr'>prosternens</span> <span class='ocrx_word' id='word_1_153' title='bbox 1319 1397 1347 1437; x_wconf 89' lang='lat' dir='ltr'>se</span> <span class='ocrx_word' id='word_1_154' title='bbox 1371 1380 1400 1436; x_wconf 91' lang='lat' dir='ltr'>in</span> <span class='ocrx_word' id='word_1_155' title='bbox 1423 1381 1521 1437; x_wconf 90' lang='lat' dir='ltr'>faciem</span> <span class='ocrx_word' id='word_1_156' title='bbox 1539 1378 1692 1452; x_wconf 71' lang='lat' dir='ltr'>pavimenti</span> <span class='ocrx_word' id='word_1_157' title='bbox 1711 1379 1783 1452; x_wconf 84' lang='lat' dir='ltr'>(ll),</span> 
     </span>
    </p>
   </div>
   <div class='ocr_carea' id='block_1_5' title="bbox 115 1552 1784 4518">
    <p class='ocr_par' dir='ltr' id='par_1_7' title="bbox 115 1552 1784 4518">
     <span class='ocr_line' id='line_1_13' title="bbox 127 1552 1784 1634; baseline 0.004 -24"><span class='ocrx_word' id='word_1_158' title='bbox 127 1569 271 1611; x_wconf 82' lang='lat' dir='ltr'>exercere:</span> <span class='ocrx_word' id='word_1_159' title='bbox 299 1552 347 1610; x_wconf 90' lang='lat' dir='ltr'>sed</span> <span class='ocrx_word' id='word_1_160' title='bbox 370 1553 509 1626; x_wconf 90' lang='lat' dir='ltr'>ingressus</span> <span class='ocrx_word' id='word_1_161' title='bbox 531 1561 563 1610; x_wconf 88' lang='lat' dir='ltr'>ut</span> <span class='ocrx_word' id='word_1_162' title='bbox 591 1553 667 1610; x_wconf 89' lang='lat' dir='ltr'>misit</span> <span class='ocrx_word' id='word_1_163' title='bbox 695 1563 758 1612; x_wconf 90' lang='lat' dir='ltr'>ante</span> <span class='ocrx_word' id='word_1_164' title='bbox 785 1571 813 1612; x_wconf 88' lang='lat' dir='ltr'>ss</span> <span class='ocrx_word' id='word_1_165' title='bbox 833 1572 931 1628; x_wconf 87' lang='lat' dir='ltr'>pueros</span> <span class='ocrx_word' id='word_1_166' title='bbox 986 1560 1193 1618; x_wconf 88' lang='lat' dir='ltr'>Oranteautem</span> <span class='ocrx_word' id='word_1_167' title='bbox 1218 1561 1276 1630; x_wconf 88' lang='lat' dir='ltr'>illa,</span> <span class='ocrx_word' id='word_1_168' title='bbox 1292 1559 1418 1634; x_wconf 88' lang='lat' dir='ltr'>apparuit</span> <span class='ocrx_word' id='word_1_169' title='bbox 1439 1559 1464 1617; x_wconf 92' lang='lat' dir='ltr'>ei</span> <span class='ocrx_word' id='word_1_170' title='bbox 1479 1559 1592 1633; x_wconf 89' lang='lat' dir='ltr'>angelus</span> <span class='ocrx_word' id='word_1_171' title='bbox 1610 1559 1733 1628; x_wconf 87' lang='lat' dir='ltr'>Domini,</span> <span class='ocrx_word' id='word_1_172' title='bbox 1755 1567 1784 1616; x_wconf 92' lang='lat' dir='ltr'>et</span> 
     </span>
     <span class='ocr_line' id='line_1_14' title="bbox 126 1643 1781 1721; baseline 0.002 -21"><span class='ocrx_word' id='word_1_173' title='bbox 126 1643 266 1700; x_wconf 84' lang='lat' dir='ltr'>ferventes</span> <span class='ocrx_word' id='word_1_174' title='bbox 289 1650 316 1701; x_wconf 91' lang='lat' dir='ltr'>et</span> <span class='ocrx_word' id='word_1_175' title='bbox 336 1643 455 1718; x_wconf 87' lang='lat' dir='ltr'>turpiter</span> <span class='ocrx_word' id='word_1_176' title='bbox 482 1643 636 1716; x_wconf 74' lang='lat' dir='ltr'>sevientes,</span> <span class='ocrx_word' id='word_1_177' title='bbox 651 1659 714 1703; x_wconf 89' lang='lat' dir='ltr'>curn</span> <span class='ocrx_word' id='word_1_178' title='bbox 729 1645 817 1703; x_wconf 91' lang='lat' dir='ltr'>nimia</span> <span class='ocrx_word' id='word_1_179' title='bbox 838 1655 929 1704; x_wconf 89' lang='lat' dir='ltr'>autem</span> <span class='ocrx_word' id='word_1_180' title='bbox 985 1649 1088 1706; x_wconf 84' lang='lat' dir='ltr'>levavit</span> <span class='ocrx_word' id='word_1_181' title='bbox 1110 1665 1170 1706; x_wconf 88' lang='lat' dir='ltr'>eam</span> <span class='ocrx_word' id='word_1_182' title='bbox 1192 1650 1315 1719; x_wconf 90' lang='lat' dir='ltr'>flentem,</span> <span class='ocrx_word' id='word_1_183' title='bbox 1338 1658 1365 1707; x_wconf 90' lang='lat' dir='ltr'>et</span> <span class='ocrx_word' id='word_1_184' title='bbox 1387 1650 1545 1708; x_wconf 89' lang='lat' dir='ltr'>confortans</span> <span class='ocrx_word' id='word_1_185' title='bbox 1572 1648 1696 1706; x_wconf 90' lang='lat' dir='ltr'>animum</span> <span class='ocrx_word' id='word_1_186' title='bbox 1711 1648 1781 1721; x_wconf 87' lang='lat' dir='ltr'>ejus,</span> 
     </span>
     <span class='ocr_line' id='line_1_15' title="bbox 126 1733 1781 1812; baseline 0.001 -21"><span class='ocrx_word' id='word_1_187' title='bbox 126 1735 308 1792; x_wconf 76' lang='lat' dir='ltr'>veneratione</span> <span class='ocrx_word' id='word_1_188' title='bbox 328 1734 387 1808; x_wconf 84' lang='lat' dir='ltr'>(tt)</span> <span class='ocrx_word' id='word_1_189' title='bbox 414 1743 442 1792; x_wconf 91' lang='lat' dir='ltr'>et</span> <span class='ocrx_word' id='word_1_190' title='bbox 464 1734 571 1809; x_wconf 90' lang='lat' dir='ltr'>ingenti</span> <span class='ocrx_word' id='word_1_191' title='bbox 593 1735 778 1793; x_wconf 87' lang='lat' dir='ltr'>admiratione</span> <span class='ocrx_word' id='word_1_192' title='bbox 809 1753 930 1812; x_wconf 89' lang='lat' dir='ltr'>egressos</span> <span class='ocrx_word' id='word_1_193' title='bbox 981 1734 1113 1806; x_wconf 86' lang='lat' dir='ltr'>juvenem</span> <span class='ocrx_word' id='word_1_194' title='bbox 1137 1735 1292 1794; x_wconf 86' lang='lat' dir='ltr'>suscitavit.</span> <span class='ocrx_word' id='word_1_195' title='bbox 1314 1736 1368 1805; x_wconf 83' lang='lat' dir='ltr'>Qui</span> <span class='ocrx_word' id='word_1_196' title='bbox 1387 1735 1604 1808; x_wconf 71' lang='lat' dir='ltr'>egressus&#39;foras</span> <span class='ocrx_word' id='word_1_197' title='bbox 1617 1733 1699 1808; x_wconf 84' lang='lat' dir='ltr'>coepit</span> <span class='ocrx_word' id='word_1_198' title='bbox 1714 1750 1781 1792; x_wconf 86' lang='lat' dir='ltr'>voce</span> 
     </span>
     <span class='ocr_line' id='line_1_16' title="bbox 124 1823 1781 1905; baseline -0.002 -21"><span class='ocrx_word' id='word_1_199' title='bbox 124 1826 211 1900; x_wconf 72' lang='lat' dir='ltr'>caepit</span> <span class='ocrx_word' id='word_1_200' title='bbox 225 1827 391 1902; x_wconf 88' lang='lat' dir='ltr'>impotentes</span> <span class='ocrx_word' id='word_1_201' title='bbox 407 1845 532 1902; x_wconf 90' lang='lat' dir='ltr'>arguere,</span> <span class='ocrx_word' id='word_1_202' title='bbox 551 1837 632 1904; x_wconf 89' lang='lat' dir='ltr'>atque</span> <span class='ocrx_word' id='word_1_203' title='bbox 646 1845 732 1886; x_wconf 88' lang='lat' dir='ltr'>vanos</span> <span class='ocrx_word' id='word_1_204' title='bbox 745 1837 772 1886; x_wconf 89' lang='lat' dir='ltr'>et</span> <span class='ocrx_word' id='word_1_205' title='bbox 786 1832 884 1889; x_wconf 83' lang='lat' dir='ltr'>molles</span> <span class='ocrx_word' id='word_1_206' title='bbox 898 1850 930 1893; x_wconf 75' lang='lat' dir='ltr'>ac</span> <span class='ocrx_word' id='word_1_207' title='bbox 944 1843 968 1905; x_wconf 78' lang='grc' dir='ltr'>Β</span> <span class='ocrx_word' id='word_1_208' title='bbox 983 1827 1094 1899; x_wconf 90' lang='lat' dir='ltr'>publica</span> <span class='ocrx_word' id='word_1_209' title='bbox 1117 1828 1235 1884; x_wconf 86' lang='lat' dir='ltr'>clamare</span> <span class='ocrx_word' id='word_1_210' title='bbox 1252 1835 1279 1883; x_wconf 91' lang='lat' dir='ltr'>et</span> <span class='ocrx_word' id='word_1_211' title='bbox 1295 1825 1386 1884; x_wconf 88' lang='lat' dir='ltr'>dicere</span> <span class='ocrx_word' id='word_1_212' title='bbox 1398 1844 1405 1882; x_wconf 89' lang='lat'>:</span> <span class='ocrx_word' id='word_1_213' title='bbox 1422 1826 1498 1883; x_wconf 90' lang='lat' dir='ltr'>Unus</span> <span class='ocrx_word' id='word_1_214' title='bbox 1512 1834 1553 1882; x_wconf 93' lang='lat' dir='ltr'>est</span> <span class='ocrx_word' id='word_1_215' title='bbox 1571 1826 1644 1882; x_wconf 90' lang='lat' dir='ltr'>Deus</span> <span class='ocrx_word' id='word_1_216' title='bbox 1658 1823 1689 1880; x_wconf 91' lang='lat' dir='ltr'>in</span> <span class='ocrx_word' id='word_1_217' title='bbox 1710 1824 1781 1881; x_wconf 86' lang='lat' dir='ltr'>coelo</span> 
     </span>
     <span class='ocr_line' id='line_1_17' title="bbox 124 1911 1778 1996; baseline -0.002 -23"><span class='ocrx_word' id='word_1_218' title='bbox 124 1917 242 1974; x_wconf 90' lang='lat' dir='ltr'>miseros</span> <span class='ocrx_word' id='word_1_219' title='bbox 261 1915 397 1990; x_wconf 84' lang='lat' dir='ltr'>judicare.</span> <span class='ocrx_word' id='word_1_220' title='bbox 418 1919 454 1974; x_wconf 86' lang='lat' dir='ltr'>Et</span> <span class='ocrx_word' id='word_1_221' title='bbox 477 1917 597 1975; x_wconf 88' lang='lat' dir='ltr'>irridens</span> <span class='ocrx_word' id='word_1_222' title='bbox 623 1935 680 1990; x_wconf 85' lang='lat' dir='ltr'>eos,</span> <span class='ocrx_word' id='word_1_223' title='bbox 705 1919 798 1977; x_wconf 82' lang='lat' dir='ltr'>locum</span> <span class='ocrx_word' id='word_1_224' title='bbox 823 1921 852 1978; x_wconf 81' lang='lat' dir='ltr'>in</span> <span class='ocrx_word' id='word_1_225' title='bbox 873 1939 928 1996; x_wconf 76' lang='lat' dir='ltr'>quo</span> <span class='ocrx_word' id='word_1_226' title='bbox 983 1922 1010 1972; x_wconf 89' lang='lat' dir='ltr'>et</span> <span class='ocrx_word' id='word_1_227' title='bbox 1025 1915 1055 1971; x_wconf 91' lang='lat' dir='ltr'>in</span> <span class='ocrx_word' id='word_1_228' title='bbox 1071 1923 1142 1972; x_wconf 89' lang='lat' dir='ltr'>terra</span> <span class='ocrx_word' id='word_1_229' title='bbox 1156 1923 1183 1972; x_wconf 87' lang='lat' dir='ltr'>et</span> <span class='ocrx_word' id='word_1_230' title='bbox 1197 1915 1226 1971; x_wconf 93' lang='lat' dir='ltr'>in</span> <span class='ocrx_word' id='word_1_231' title='bbox 1241 1915 1322 1984; x_wconf 88' lang='lat' dir='ltr'>mari,</span> <span class='ocrx_word' id='word_1_232' title='bbox 1338 1914 1386 1988; x_wconf 93' lang='lat' dir='ltr'>qui</span> <span class='ocrx_word' id='word_1_233' title='bbox 1400 1923 1442 1972; x_wconf 89' lang='lat' dir='ltr'>est</span> <span class='ocrx_word' id='word_1_234' title='bbox 1455 1914 1528 1970; x_wconf 91' lang='lat' dir='ltr'>Deus</span> <span class='ocrx_word' id='word_1_235' title='bbox 1543 1911 1778 1979; x_wconf 65' lang='lat' dir='ltr'>Christianorum</span> 
     </span>
     <span class='ocr_line' id='line_1_18' title="bbox 123 2005 1778 2082; baseline -0.001 -21"><span class='ocrx_word' id='word_1_236' title='bbox 123 2005 206 2079; x_wconf 83' lang='lat' dir='ltr'>virgo</span> <span class='ocrx_word' id='word_1_237' title='bbox 229 2005 373 2077; x_wconf 88' lang='lat' dir='ltr'>adorabat,</span> <span class='ocrx_word' id='word_1_238' title='bbox 391 2007 521 2066; x_wconf 88' lang='lat' dir='ltr'>audacter</span> <span class='ocrx_word' id='word_1_239' title='bbox 542 2007 682 2082; x_wconf 89' lang='lat' dir='ltr'>ingressus</span> <span class='ocrx_word' id='word_1_240' title='bbox 697 2017 756 2067; x_wconf 89' lang='lat' dir='ltr'>est:</span> <span class='ocrx_word' id='word_1_241' title='bbox 780 2017 808 2066; x_wconf 92' lang='lat' dir='ltr'>et</span> <span class='ocrx_word' id='word_1_242' title='bbox 829 2011 927 2070; x_wconf 91' lang='lat' dir='ltr'>videns</span> <span class='ocrx_word' id='word_1_243' title='bbox 982 2023 1046 2064; x_wconf 81' lang='lat' dir='ltr'>nem</span> <span class='ocrx_word' id='word_1_244' title='bbox 1068 2007 1162 2064; x_wconf 84' lang='lat' dir='ltr'>omnia</span> <span class='ocrx_word' id='word_1_245' title='bbox 1185 2008 1288 2080; x_wconf 85' lang='lat' dir='ltr'>templa</span> <span class='ocrx_word' id='word_1_246' title='bbox 1305 2023 1377 2063; x_wconf 80' lang='lat' dir='ltr'>vena</span> <span class='ocrx_word' id='word_1_247' title='bbox 1398 2014 1481 2064; x_wconf 87' lang='lat' dir='ltr'>sunt:</span> <span class='ocrx_word' id='word_1_248' title='bbox 1505 2005 1546 2062; x_wconf 90' lang='lat' dir='ltr'>dii</span> <span class='ocrx_word' id='word_1_249' title='bbox 1567 2005 1615 2079; x_wconf 95' lang='lat' dir='ltr'>qui</span> <span class='ocrx_word' id='word_1_250' title='bbox 1638 2006 1778 2074; x_wconf 91' lang='lat' dir='ltr'>coluntur,</span> 
     </span>
     <span class='ocr_line' id='line_1_19' title="bbox 124 2095 1781 2169; baseline -0.001 -17"><span class='ocrx_word' id='word_1_251' title='bbox 124 2101 236 2152; x_wconf 90' lang='lat' dir='ltr'>tantum</span> <span class='ocrx_word' id='word_1_252' title='bbox 250 2096 349 2153; x_wconf 92' lang='lat' dir='ltr'>lumen</span> <span class='ocrx_word' id='word_1_253' title='bbox 365 2096 440 2155; x_wconf 90' lang='lat' dir='ltr'>circa</span> <span class='ocrx_word' id='word_1_254' title='bbox 453 2113 523 2166; x_wconf 74' lang='lat' dir='ltr'>mm,</span> <span class='ocrx_word' id='word_1_255' title='bbox 539 2113 596 2155; x_wconf 91' lang='lat' dir='ltr'>nou</span> <span class='ocrx_word' id='word_1_256' title='bbox 614 2097 692 2155; x_wconf 86' lang='lat' dir='ltr'>dedit</span> <span class='ocrx_word' id='word_1_257' title='bbox 707 2097 840 2157; x_wconf 90' lang='lat' dir='ltr'>honorem</span> <span class='ocrx_word' id='word_1_258' title='bbox 850 2102 924 2160; x_wconf 92' lang='lat' dir='ltr'>Deo:</span> <span class='ocrx_word' id='word_1_259' title='bbox 982 2113 1078 2154; x_wconf 86' lang='lat' dir='ltr'>omnes</span> <span class='ocrx_word' id='word_1_260' title='bbox 1091 2097 1155 2153; x_wconf 84' lang='lat' dir='ltr'>reni</span> <span class='ocrx_word' id='word_1_261' title='bbox 1176 2105 1252 2166; x_wconf 88' lang='lat' dir='ltr'>suut,</span> <span class='ocrx_word' id='word_1_262' title='bbox 1266 2104 1293 2153; x_wconf 90' lang='lat' dir='ltr'>et</span> <span class='ocrx_word' id='word_1_263' title='bbox 1315 2096 1426 2169; x_wconf 90' lang='lat' dir='ltr'>penitus</span> <span class='ocrx_word' id='word_1_264' title='bbox 1450 2111 1501 2154; x_wconf 91' lang='lat' dir='ltr'>nec</span> <span class='ocrx_word' id='word_1_265' title='bbox 1517 2095 1571 2153; x_wconf 92' lang='lat' dir='ltr'>sihi</span> <span class='ocrx_word' id='word_1_266' title='bbox 1585 2101 1711 2168; x_wconf 89' lang='lat' dir='ltr'>possunt,</span> <span class='ocrx_word' id='word_1_267' title='bbox 1729 2109 1781 2152; x_wconf 88' lang='lat' dir='ltr'>nee</span> 
     </span>
     <span class='ocr_line' id='line_1_20' title="bbox 123 2185 1482 2262; baseline 0.001 -20"><span class='ocrx_word' id='word_1_268' title='bbox 123 2185 174 2242; x_wconf 90' lang='lat' dir='ltr'>sed</span> <span class='ocrx_word' id='word_1_269' title='bbox 195 2185 304 2243; x_wconf 90' lang='lat' dir='ltr'>irruens</span> <span class='ocrx_word' id='word_1_270' title='bbox 321 2186 351 2242; x_wconf 94' lang='lat' dir='ltr'>in</span> <span class='ocrx_word' id='word_1_271' title='bbox 373 2185 463 2260; x_wconf 92' lang='lat' dir='ltr'>ipsum</span> <span class='ocrx_word' id='word_1_272' title='bbox 485 2186 589 2256; x_wconf 90' lang='lat' dir='ltr'>lumen,</span> <span class='ocrx_word' id='word_1_273' title='bbox 603 2188 764 2262; x_wconf 89' lang='lat' dir='ltr'>priusquam</span> <span class='ocrx_word' id='word_1_274' title='bbox 781 2190 826 2247; x_wconf 83' lang='lat' dir='ltr'>vel</span> <span class='ocrx_word' id='word_1_275' title='bbox 841 2206 926 2249; x_wconf 91' lang='lat' dir='ltr'>manu</span> <span class='ocrx_word' id='word_1_276' title='bbox 981 2186 1044 2244; x_wconf 90' lang='lat' dir='ltr'>aliis</span> <span class='ocrx_word' id='word_1_277' title='bbox 1060 2187 1172 2262; x_wconf 86' lang='lat' dir='ltr'>aliquod</span> <span class='ocrx_word' id='word_1_278' title='bbox 1189 2187 1326 2245; x_wconf 87' lang='lat' dir='ltr'>auxilium</span> <span class='ocrx_word' id='word_1_279' title='bbox 1341 2187 1482 2244; x_wconf 85' lang='lat' dir='ltr'>exiribere.</span> 
     </span>
     <span class='ocr_line' id='line_1_21' title="bbox 121 2276 1779 2358; baseline 0.004 -26"><span class='ocrx_word' id='word_1_280' title='bbox 121 2291 185 2332; x_wconf 91' lang='lat' dir='ltr'>eam</span> <span class='ocrx_word' id='word_1_281' title='bbox 199 2276 382 2351; x_wconf 89' lang='lat' dir='ltr'>contingeret,</span> <span class='ocrx_word' id='word_1_282' title='bbox 391 2276 493 2334; x_wconf 87' lang='lat' dir='ltr'>cecidit</span> <span class='ocrx_word' id='word_1_283' title='bbox 506 2278 535 2333; x_wconf 91' lang='lat' dir='ltr'>in</span> <span class='ocrx_word' id='word_1_284' title='bbox 550 2277 648 2336; x_wconf 90' lang='lat' dir='ltr'>faciem</span> <span class='ocrx_word' id='word_1_285' title='bbox 659 2295 747 2348; x_wconf 89' lang='lat' dir='ltr'>suam,</span> <span class='ocrx_word' id='word_1_286' title='bbox 758 2286 786 2335; x_wconf 89' lang='lat' dir='ltr'>et</span> <span class='ocrx_word' id='word_1_287' title='bbox 797 2279 925 2352; x_wconf 81' lang='lat' dir='ltr'>praefoca·</span> <span class='ocrx_word' id='word_1_288' title='bbox 1017 2284 1060 2342; x_wconf 65' lang='grc' dir='ltr'>Η.</span> <span class='ocrx_word' id='word_1_289' title='bbox 1076 2285 1120 2342; x_wconf 79' lang='lat' dir='ltr'>Ad</span> <span class='ocrx_word' id='word_1_290' title='bbox 1135 2285 1206 2344; x_wconf 90' lang='lat' dir='ltr'>banc</span> <span class='ocrx_word' id='word_1_291' title='bbox 1220 2302 1317 2343; x_wconf 85' lang='lat' dir='ltr'>vocem</span> <span class='ocrx_word' id='word_1_292' title='bbox 1332 2301 1426 2342; x_wconf 90' lang='lat' dir='ltr'>omnes</span> <span class='ocrx_word' id='word_1_293' title='bbox 1440 2284 1610 2358; x_wconf 86' lang='lat' dir='ltr'>haruspices,</span> <span class='ocrx_word' id='word_1_294' title='bbox 1625 2291 1652 2341; x_wconf 90' lang='lat' dir='ltr'>et</span> <span class='ocrx_word' id='word_1_295' title='bbox 1663 2284 1779 2356; x_wconf 86' lang='lat' dir='ltr'>templo·</span> 
     </span>
     <span class='ocr_line' id='line_1_22' title="bbox 122 2366 1778 2449; baseline 0.004 -25"><span class='ocrx_word' id='word_1_296' title='bbox 122 2375 167 2425; x_wconf 90' lang='lat' dir='ltr'>tus</span> <span class='ocrx_word' id='word_1_297' title='bbox 183 2383 200 2424; x_wconf 90' lang='lat' dir='ltr'>a</span> <span class='ocrx_word' id='word_1_298' title='bbox 213 2367 325 2424; x_wconf 89' lang='lat' dir='ltr'>diabolo</span> <span class='ocrx_word' id='word_1_299' title='bbox 334 2366 496 2440; x_wconf 83' lang='lat' dir='ltr'>exspiravit.</span> <span class='ocrx_word' id='word_1_300' title='bbox 513 2367 647 2426; x_wconf 79' lang='lat' dir='ltr'>videntes</span> <span class='ocrx_word' id='word_1_301' title='bbox 665 2377 756 2426; x_wconf 90' lang='lat' dir='ltr'>autem</span> <span class='ocrx_word' id='word_1_302' title='bbox 768 2369 837 2428; x_wconf 88' lang='lat' dir='ltr'>sccii</span> <span class='ocrx_word' id='word_1_303' title='bbox 854 2369 923 2442; x_wconf 90' lang='lat' dir='ltr'>ejus,</span> <span class='ocrx_word' id='word_1_304' title='bbox 980 2391 1041 2431; x_wconf 91' lang='lat' dir='ltr'>rum</span> <span class='ocrx_word' id='word_1_305' title='bbox 1067 2375 1212 2448; x_wconf 90' lang='lat' dir='ltr'>pontifices</span> <span class='ocrx_word' id='word_1_306' title='bbox 1230 2375 1478 2447; x_wconf 85' lang='lat' dir='ltr'>conturbabantur,</span> <span class='ocrx_word' id='word_1_307' title='bbox 1489 2384 1516 2433; x_wconf 93' lang='lat' dir='ltr'>et</span> <span class='ocrx_word' id='word_1_308' title='bbox 1530 2375 1562 2433; x_wconf 87' lang='lat' dir='ltr'>frt</span> <span class='ocrx_word' id='word_1_309' title='bbox 1576 2391 1624 2449; x_wconf 95' lang='lat' dir='ltr'>per</span> <span class='ocrx_word' id='word_1_310' title='bbox 1637 2391 1683 2431; x_wconf 90' lang='lat' dir='ltr'>eos</span> <span class='ocrx_word' id='word_1_311' title='bbox 1697 2374 1778 2430; x_wconf 87' lang='lat' dir='ltr'>vehe-</span> 
     </span>
     <span class='ocr_line' id='line_1_23' title="bbox 121 2460 1778 2538; baseline 0.002 -22"><span class='ocrx_word' id='word_1_312' title='bbox 121 2461 199 2533; x_wconf 92' lang='lat' dir='ltr'>quod</span> <span class='ocrx_word' id='word_1_313' title='bbox 223 2476 315 2517; x_wconf 84' lang='lat' dir='ltr'>morae</span> <span class='ocrx_word' id='word_1_314' title='bbox 338 2460 415 2518; x_wconf 89' lang='lat' dir='ltr'>intus</span> <span class='ocrx_word' id='word_1_315' title='bbox 443 2460 607 2529; x_wconf 87' lang='lat' dir='ltr'>innecteret,</span> <span class='ocrx_word' id='word_1_316' title='bbox 630 2461 763 2535; x_wconf 84' lang='lat' dir='ltr'>putabant</span> <span class='ocrx_word' id='word_1_317' title='bbox 788 2462 925 2520; x_wconf 82' lang='lat' dir='ltr'>obsosenis</span> <span class='ocrx_word' id='word_1_318' title='bbox 980 2463 1100 2521; x_wconf 91' lang='lat' dir='ltr'>mentior</span> <span class='ocrx_word' id='word_1_319' title='bbox 1124 2481 1206 2538; x_wconf 92' lang='lat' dir='ltr'>quam</span> <span class='ocrx_word' id='word_1_320' title='bbox 1236 2466 1335 2535; x_wconf 84' lang='lat' dir='ltr'>iuerat,</span> <span class='ocrx_word' id='word_1_321' title='bbox 1365 2464 1464 2524; x_wconf 89' lang='lat' dir='ltr'>seditio</span> <span class='ocrx_word' id='word_1_322' title='bbox 1495 2466 1672 2538; x_wconf 87' lang='lat' dir='ltr'>populorum,</span> <span class='ocrx_word' id='word_1_323' title='bbox 1696 2471 1778 2534; x_wconf 89' lang='lat' dir='ltr'>atque</span> 
     </span>
     <span class='ocr_line' id='line_1_24' title="bbox 120 2549 1777 2626; baseline 0 -20"><span class='ocrx_word' id='word_1_324' title='bbox 120 2565 188 2606; x_wconf 90' lang='lat' dir='ltr'>eum</span> <span class='ocrx_word' id='word_1_325' title='bbox 216 2549 346 2624; x_wconf 90' lang='lat' dir='ltr'>operibus</span> <span class='ocrx_word' id='word_1_326' title='bbox 361 2559 537 2625; x_wconf 89' lang='lat' dir='ltr'>occupatum.</span> <span class='ocrx_word' id='word_1_327' title='bbox 558 2554 593 2609; x_wconf 86' lang='lat' dir='ltr'>Et</span> <span class='ocrx_word' id='word_1_328' title='bbox 621 2552 779 2626; x_wconf 89' lang='lat' dir='ltr'>ingrediens</span> <span class='ocrx_word' id='word_1_329' title='bbox 791 2569 865 2610; x_wconf 90' lang='lat' dir='ltr'>unus</span> <span class='ocrx_word' id='word_1_330' title='bbox 888 2569 923 2610; x_wconf 85' lang='lat' dir='ltr'>ex</span> <span class='ocrx_word' id='word_1_331' title='bbox 979 2568 1075 2610; x_wconf 89' lang='lat' dir='ltr'>omnes</span> <span class='ocrx_word' id='word_1_332' title='bbox 1100 2569 1154 2610; x_wconf 89' lang='lat' dir='ltr'>una</span> <span class='ocrx_word' id='word_1_333' title='bbox 1175 2571 1243 2612; x_wconf 79' lang='lat' dir='ltr'>voce</span> <span class='ocrx_word' id='word_1_334' title='bbox 1269 2555 1441 2612; x_wconf 86' lang='lat' dir='ltr'>clamabant:</span> <span class='ocrx_word' id='word_1_335' title='bbox 1470 2554 1546 2610; x_wconf 87' lang='lat' dir='ltr'>Tolle</span> <span class='ocrx_word' id='word_1_336' title='bbox 1574 2569 1691 2625; x_wconf 87' lang='lat' dir='ltr'>magam,</span> <span class='ocrx_word' id='word_1_337' title='bbox 1711 2550 1777 2606; x_wconf 92' lang='lat' dir='ltr'>tolle</span> 
     </span>
     <span class='ocr_line' id='line_1_25' title="bbox 118 2637 1775 2716; baseline 0.002 -21"><span class='ocrx_word' id='word_1_338' title='bbox 118 2637 284 2710; x_wconf 83' lang='lat' dir='ltr'>juvenibus,</span> <span class='ocrx_word' id='word_1_339' title='bbox 299 2640 347 2713; x_wconf 92' lang='lat' dir='ltr'>qui</span> <span class='ocrx_word' id='word_1_340' title='bbox 366 2640 392 2696; x_wconf 90' lang='lat' dir='ltr'>ei</span> <span class='ocrx_word' id='word_1_341' title='bbox 406 2639 572 2698; x_wconf 86' lang='lat' dir='ltr'>familiarior</span> <span class='ocrx_word' id='word_1_342' title='bbox 588 2649 657 2711; x_wconf 91' lang='lat' dir='ltr'>erat,</span> <span class='ocrx_word' id='word_1_343' title='bbox 672 2650 703 2699; x_wconf 93' lang='lat' dir='ltr'>ut</span> <span class='ocrx_word' id='word_1_344' title='bbox 717 2642 794 2715; x_wconf 89' lang='lat' dir='ltr'>quasi</span> <span class='ocrx_word' id='word_1_345' title='bbox 811 2659 922 2715; x_wconf 90' lang='lat' dir='ltr'>congra-</span> <span class='ocrx_word' id='word_1_346' title='bbox 979 2642 1143 2710; x_wconf 76' lang='lat' dir='ltr'>nsaleficam</span> <span class='ocrx_word' id='word_1_347' title='bbox 1167 2660 1227 2716; x_wconf 79' lang='lat' dir='ltr'>que</span> <span class='ocrx_word' id='word_1_348' title='bbox 1246 2652 1273 2700; x_wconf 89' lang='lat' dir='ltr'>et</span> <span class='ocrx_word' id='word_1_349' title='bbox 1296 2652 1402 2700; x_wconf 86' lang='lat' dir='ltr'>urentes</span> <span class='ocrx_word' id='word_1_350' title='bbox 1423 2649 1521 2712; x_wconf 88' lang='lat' dir='ltr'>mutat,</span> <span class='ocrx_word' id='word_1_351' title='bbox 1542 2650 1568 2699; x_wconf 89' lang='lat' dir='ltr'>et</span> <span class='ocrx_word' id='word_1_352' title='bbox 1589 2644 1697 2698; x_wconf 89' lang='lat' dir='ltr'>animos</span> <span class='ocrx_word' id='word_1_353' title='bbox 1711 2639 1775 2698; x_wconf 88' lang='lat' dir='ltr'>alie·</span> 
     </span>
     <span class='ocr_line' id='line_1_26' title="bbox 118 2728 1774 2804; baseline 0.003 -21"><span class='ocrx_word' id='word_1_354' title='bbox 118 2729 263 2786; x_wconf 91' lang='lat' dir='ltr'>tularetur</span> <span class='ocrx_word' id='word_1_355' title='bbox 282 2728 457 2787; x_wconf 84' lang='lat' dir='ltr'>insultationi</span> <span class='ocrx_word' id='word_1_356' title='bbox 478 2729 547 2804; x_wconf 84' lang='lat' dir='ltr'>ejus,</span> <span class='ocrx_word' id='word_1_357' title='bbox 562 2737 589 2787; x_wconf 89' lang='lat' dir='ltr'>et</span> <span class='ocrx_word' id='word_1_358' title='bbox 608 2739 748 2788; x_wconf 75' lang='lat' dir='ltr'>munuum</span> <span class='ocrx_word' id='word_1_359' title='bbox 763 2747 826 2788; x_wconf 88' lang='lat' dir='ltr'>eum</span> <span class='ocrx_word' id='word_1_360' title='bbox 846 2733 922 2788; x_wconf 85' lang='lat' dir='ltr'>inre-</span> <span class='ocrx_word' id='word_1_361' title='bbox 977 2742 1035 2790; x_wconf 89' lang='lat' dir='ltr'>nat.</span> <span class='ocrx_word' id='word_1_362' title='bbox 1052 2735 1200 2792; x_wconf 75' lang='lat' dir='ltr'>Praefectus</span> <span class='ocrx_word' id='word_1_363' title='bbox 1209 2742 1300 2791; x_wconf 85' lang='lat' dir='ltr'>autem</span> <span class='ocrx_word' id='word_1_364' title='bbox 1315 2734 1413 2791; x_wconf 87' lang='lat' dir='ltr'>videns</span> <span class='ocrx_word' id='word_1_365' title='bbox 1427 2742 1504 2790; x_wconf 89' lang='lat' dir='ltr'>tanta</span> <span class='ocrx_word' id='word_1_366' title='bbox 1517 2731 1666 2801; x_wconf 90' lang='lat' dir='ltr'>mirabilia,</span> <span class='ocrx_word' id='word_1_367' title='bbox 1682 2732 1774 2788; x_wconf 88' lang='lat' dir='ltr'>obstu-</span> 
     </span>
     <span class='ocr_line' id='line_1_27' title="bbox 118 2814 1774 2896; baseline 0.001 -22"><span class='ocrx_word' id='word_1_368' title='bbox 118 2817 212 2888; x_wconf 86' lang='lat' dir='ltr'>niens,</span> <span class='ocrx_word' id='word_1_369' title='bbox 239 2818 405 2877; x_wconf 80' lang='lat' dir='ltr'>exclamavit</span> <span class='ocrx_word' id='word_1_370' title='bbox 427 2836 495 2877; x_wconf 85' lang='lat' dir='ltr'>voce</span> <span class='ocrx_word' id='word_1_371' title='bbox 524 2835 634 2892; x_wconf 90' lang='lat' dir='ltr'>magna,</span> <span class='ocrx_word' id='word_1_372' title='bbox 663 2818 775 2878; x_wconf 90' lang='lat' dir='ltr'>dicens:</span> <span class='ocrx_word' id='word_1_373' title='bbox 800 2821 921 2878; x_wconf 87' lang='lat' dir='ltr'>Piissimi</span> <span class='ocrx_word' id='word_1_374' title='bbox 952 2814 1055 2896; x_wconf 72' lang='lat' dir='ltr'>&#39;puitz</span> <span class='ocrx_word' id='word_1_375' title='bbox 1075 2822 1122 2880; x_wconf 90' lang='lat' dir='ltr'>sed</span> <span class='ocrx_word' id='word_1_376' title='bbox 1138 2823 1243 2879; x_wconf 85' lang='lat' dir='ltr'>veritus</span> <span class='ocrx_word' id='word_1_377' title='bbox 1254 2823 1495 2896; x_wconf 89' lang='lat' dir='ltr'>proscriptionem,</span> <span class='ocrx_word' id='word_1_378' title='bbox 1511 2821 1534 2878; x_wconf 91' lang='lat' dir='ltr'>si</span> <span class='ocrx_word' id='word_1_379' title='bbox 1549 2828 1645 2878; x_wconf 88' lang='lat' dir='ltr'>contra</span> <span class='ocrx_word' id='word_1_380' title='bbox 1659 2820 1774 2893; x_wconf 90' lang='lat' dir='ltr'>templo·</span> 
     </span>
     <span class='ocr_line' id='line_1_28' title="bbox 118 2909 1774 2986; baseline 0 -18"><span class='ocrx_word' id='word_1_381' title='bbox 118 2909 251 2980; x_wconf 83' lang='lat' dir='ltr'>Romani,</span> <span class='ocrx_word' id='word_1_382' title='bbox 275 2911 427 2969; x_wconf 89' lang='lat' dir='ltr'>succurrite</span> <span class='ocrx_word' id='word_1_383' title='bbox 439 2929 446 2980; x_wconf 93' lang='lat'>;</span> <span class='ocrx_word' id='word_1_384' title='bbox 467 2911 581 2984; x_wconf 91' lang='lat' dir='ltr'>magicis</span> <span class='ocrx_word' id='word_1_385' title='bbox 594 2911 701 2970; x_wconf 91' lang='lat' dir='ltr'>artibus</span> <span class='ocrx_word' id='word_1_386' title='bbox 722 2913 776 2970; x_wconf 92' lang='lat' dir='ltr'>ista</span> <span class='ocrx_word' id='word_1_387' title='bbox 789 2915 922 2972; x_wconf 80' lang='lat' dir='ltr'>meretrix</span> <span class='ocrx_word' id='word_1_388' title='bbox 976 2929 1038 2969; x_wconf 91' lang='lat' dir='ltr'>rum</span> <span class='ocrx_word' id='word_1_389' title='bbox 1056 2912 1202 2986; x_wconf 88' lang='lat' dir='ltr'>pontifices</span> <span class='ocrx_word' id='word_1_390' title='bbox 1211 2920 1313 2985; x_wconf 90' lang='lat' dir='ltr'>ageret,</span> <span class='ocrx_word' id='word_1_391' title='bbox 1321 2920 1350 2969; x_wconf 92' lang='lat' dir='ltr'>et</span> <span class='ocrx_word' id='word_1_392' title='bbox 1363 2914 1469 2986; x_wconf 82' lang='lat' dir='ltr'>Agnem</span> <span class='ocrx_word' id='word_1_393' title='bbox 1480 2919 1576 2969; x_wconf 90' lang='lat' dir='ltr'>contra</span> <span class='ocrx_word' id='word_1_394' title='bbox 1589 2927 1652 2969; x_wconf 89' lang='lat' dir='ltr'>suas</span> <span class='ocrx_word' id='word_1_395' title='bbox 1665 2919 1774 2968; x_wconf 89' lang='lat' dir='ltr'>senten·</span> 
     </span>
     <span class='ocr_line' id='line_1_29' title="bbox 117 2999 1774 3074; baseline 0 -18"><span class='ocrx_word' id='word_1_396' title='bbox 117 2999 247 3074; x_wconf 83' lang='lat' dir='ltr'>praefecti</span> <span class='ocrx_word' id='word_1_397' title='bbox 274 2999 363 3058; x_wconf 90' lang='lat' dir='ltr'>filium</span> <span class='ocrx_word' id='word_1_398' title='bbox 390 3001 539 3059; x_wconf 90' lang='lat' dir='ltr'>interfecit.</span> <span class='ocrx_word' id='word_1_399' title='bbox 561 3001 606 3058; x_wconf 85' lang='lat' dir='ltr'>Fit</span> <span class='ocrx_word' id='word_1_400' title='bbox 632 3010 746 3074; x_wconf 90' lang='lat' dir='ltr'>repente</span> <span class='ocrx_word' id='word_1_401' title='bbox 772 3019 922 3062; x_wconf 90' lang='lat' dir='ltr'>concursus</span> <span class='ocrx_word' id='word_1_402' title='bbox 975 3001 1029 3058; x_wconf 87' lang='lat' dir='ltr'>tias</span> <span class='ocrx_word' id='word_1_403' title='bbox 1044 3001 1208 3072; x_wconf 83' lang='lat' dir='ltr'>defensaret,</span> <span class='ocrx_word' id='word_1_404' title='bbox 1224 2999 1774 3073; x_wconf 81' lang='lat' dir='ltr'>vicariumsuumadseditionempopuli</span> 
     </span>
     <span class='ocr_line' id='line_1_30' title="bbox 118 3088 1771 3166; baseline 0.001 -21"><span class='ocrx_word' id='word_1_405' title='bbox 118 3091 288 3164; x_wconf 91' lang='lat' dir='ltr'>populorum</span> <span class='ocrx_word' id='word_1_406' title='bbox 307 3091 341 3148; x_wconf 89' lang='lat' dir='ltr'>ad</span> <span class='ocrx_word' id='word_1_407' title='bbox 366 3090 516 3160; x_wconf 90' lang='lat' dir='ltr'>theatrum,</span> <span class='ocrx_word' id='word_1_408' title='bbox 544 3097 570 3148; x_wconf 93' lang='lat' dir='ltr'>et</span> <span class='ocrx_word' id='word_1_409' title='bbox 590 3090 668 3148; x_wconf 88' lang='lat' dir='ltr'>varie</span> <span class='ocrx_word' id='word_1_410' title='bbox 686 3091 804 3148; x_wconf 91' lang='lat' dir='ltr'>furentis</span> <span class='ocrx_word' id='word_1_411' title='bbox 825 3093 920 3166; x_wconf 92' lang='lat' dir='ltr'>populi</span> <span class='ocrx_word' id='word_1_412' title='bbox 973 3089 1095 3163; x_wconf 86' lang='lat' dir='ltr'>judicem</span> <span class='ocrx_word' id='word_1_413' title='bbox 1119 3091 1277 3165; x_wconf 87' lang='lat' dir='ltr'>dereliquit,</span> <span class='ocrx_word' id='word_1_414' title='bbox 1304 3093 1362 3165; x_wconf 89' lang='lat' dir='ltr'>ipse</span> <span class='ocrx_word' id='word_1_415' title='bbox 1388 3101 1481 3148; x_wconf 88' lang='lat' dir='ltr'>autern</span> <span class='ocrx_word' id='word_1_416' title='bbox 1511 3088 1600 3147; x_wconf 91' lang='lat' dir='ltr'>tristis</span> <span class='ocrx_word' id='word_1_417' title='bbox 1630 3088 1771 3159; x_wconf 82' lang='lat' dir='ltr'>abscessit,</span> 
     </span>
     <span class='ocr_line' id='line_1_31' title="bbox 116 3177 1773 3270; baseline -0.001 -35"><span class='ocrx_word' id='word_1_418' title='bbox 116 3177 291 3236; x_wconf 82' lang='lat' dir='ltr'>acclamatio.</span> <span class='ocrx_word' id='word_1_419' title='bbox 312 3177 369 3235; x_wconf 87' lang='lat' dir='ltr'>Alii</span> <span class='ocrx_word' id='word_1_420' title='bbox 384 3178 513 3237; x_wconf 91' lang='lat' dir='ltr'>dicebant</span> <span class='ocrx_word' id='word_1_421' title='bbox 527 3193 643 3252; x_wconf 88' lang='lat' dir='ltr'>magam,</span> <span class='ocrx_word' id='word_1_422' title='bbox 659 3179 708 3236; x_wconf 89' lang='lat' dir='ltr'>alii</span> <span class='ocrx_word' id='word_1_423' title='bbox 732 3180 918 3250; x_wconf 89' lang='lat' dir='ltr'>innocentem,</span> <span class='ocrx_word' id='word_1_424' title='bbox 938 3180 1049 3270; x_wconf 74' lang='lat' dir='ltr'>unod</span> <span class='ocrx_word' id='word_1_425' title='bbox 1063 3195 1121 3237; x_wconf 91' lang='lat' dir='ltr'>eam</span> <span class='ocrx_word' id='word_1_426' title='bbox 1140 3196 1195 3237; x_wconf 92' lang='lat' dir='ltr'>non</span> <span class='ocrx_word' id='word_1_427' title='bbox 1222 3181 1313 3253; x_wconf 92' lang='lat' dir='ltr'>potuit</span> <span class='ocrx_word' id='word_1_428' title='bbox 1335 3188 1397 3254; x_wconf 90' lang='lat' dir='ltr'>post</span> <span class='ocrx_word' id='word_1_429' title='bbox 1421 3179 1649 3236; x_wconf 87' lang='lat' dir='ltr'>resurrectionem</span> <span class='ocrx_word' id='word_1_430' title='bbox 1661 3177 1713 3235; x_wconf 89' lang='lat' dir='ltr'>filii</span> <span class='ocrx_word' id='word_1_431' title='bbox 1729 3178 1773 3235; x_wconf 92' lang='lat' dir='ltr'>sui</span> 
     </span>
     <span class='ocr_line' id='line_1_32' title="bbox 117 3267 1772 3345; baseline 0 -21"><span class='ocrx_word' id='word_1_432' title='bbox 117 3267 166 3324; x_wconf 89' lang='lat' dir='ltr'>alii</span> <span class='ocrx_word' id='word_1_433' title='bbox 182 3267 342 3340; x_wconf 88' lang='lat' dir='ltr'>sacrilegam</span> <span class='ocrx_word' id='word_1_434' title='bbox 357 3267 574 3325; x_wconf 89' lang='lat' dir='ltr'>conclamabant.</span> <span class='ocrx_word' id='word_1_435' title='bbox 975 3271 1103 3328; x_wconf 90' lang='lat' dir='ltr'>liberare.</span> <span class='ocrx_word' id='word_1_436' title='bbox 1128 3272 1206 3328; x_wconf 76' lang='lat' dir='ltr'>&#39;f’uuc</span> <span class='ocrx_word' id='word_1_437' title='bbox 1225 3271 1346 3328; x_wconf 84' lang='lat' dir='ltr'>vicarios</span> <span class='ocrx_word' id='word_1_438' title='bbox 1371 3271 1504 3345; x_wconf 86' lang='lat' dir='ltr'>Aspasius</span> <span class='ocrx_word' id='word_1_439' title='bbox 1529 3269 1651 3340; x_wconf 90' lang='lat' dir='ltr'>nornine,</span> <span class='ocrx_word' id='word_1_440' title='bbox 1676 3268 1772 3341; x_wconf 92' lang='lat' dir='ltr'>populi</span> 
     </span>
     <span class='ocr_line' id='line_1_33' title="bbox 152 3354 1770 3433; baseline 0.001 -21"><span class='ocrx_word' id='word_1_441' title='bbox 152 3354 201 3413; x_wconf 85' lang='lat'>10.</span> <span class='ocrx_word' id='word_1_442' title='bbox 218 3356 366 3413; x_wconf 84' lang='lat' dir='ltr'>Praefectus</span> <span class='ocrx_word' id='word_1_443' title='bbox 383 3364 487 3426; x_wconf 88' lang='lat' dir='ltr'>autem,</span> <span class='ocrx_word' id='word_1_444' title='bbox 508 3356 623 3414; x_wconf 90' lang='lat' dir='ltr'>audiens</span> <span class='ocrx_word' id='word_1_445' title='bbox 638 3357 728 3414; x_wconf 90' lang='lat' dir='ltr'>filium</span> <span class='ocrx_word' id='word_1_446' title='bbox 741 3373 822 3414; x_wconf 90' lang='lat' dir='ltr'>suum</span> <span class='ocrx_word' id='word_1_447' title='bbox 834 3356 917 3414; x_wconf 89' lang='lat' dir='ltr'>iuter·</span> <span class='ocrx_word' id='word_1_448' title='bbox 974 3361 1139 3418; x_wconf 86' lang='lat' dir='ltr'>seditionem</span> <span class='ocrx_word' id='word_1_449' title='bbox 1154 3377 1210 3418; x_wconf 91' lang='lat' dir='ltr'>non</span> <span class='ocrx_word' id='word_1_450' title='bbox 1225 3362 1315 3419; x_wconf 92' lang='lat' dir='ltr'>ferens</span> <span class='ocrx_word' id='word_1_451' title='bbox 1330 3361 1401 3432; x_wconf 70' lang='lat' dir='ltr'>(ft),</span> <span class='ocrx_word' id='word_1_452' title='bbox 1414 3359 1497 3433; x_wconf 87' lang='lat' dir='ltr'>jussit</span> <span class='ocrx_word' id='word_1_453' title='bbox 1508 3359 1538 3415; x_wconf 93' lang='lat' dir='ltr'>in</span> <span class='ocrx_word' id='word_1_454' title='bbox 1552 3366 1700 3432; x_wconf 90' lang='lat' dir='ltr'>conspectu</span> <span class='ocrx_word' id='word_1_455' title='bbox 1713 3375 1770 3414; x_wconf 92' lang='lat' dir='ltr'>om·</span> 
     </span>
     <span class='ocr_line' id='line_1_34' title="bbox 116 3445 1770 3522; baseline 0.001 -21"><span class='ocrx_word' id='word_1_456' title='bbox 116 3445 195 3514; x_wconf 88' lang='lat' dir='ltr'>iisse,</span> <span class='ocrx_word' id='word_1_457' title='bbox 212 3459 276 3503; x_wconf 88' lang='lat' dir='ltr'>cum</span> <span class='ocrx_word' id='word_1_458' title='bbox 290 3450 363 3509; x_wconf 79' lang='lat'>482</span> <span class='ocrx_word' id='word_1_459' title='bbox 377 3445 482 3518; x_wconf 91' lang='lat' dir='ltr'>ingenti</span> <span class='ocrx_word' id='word_1_460' title='bbox 506 3448 626 3503; x_wconf 87' lang='lat' dir='ltr'>tumultu</span> <span class='ocrx_word' id='word_1_461' title='bbox 649 3463 681 3504; x_wconf 92' lang='lat' dir='ltr'>ac</span> <span class='ocrx_word' id='word_1_462' title='bbox 698 3447 775 3504; x_wconf 91' lang='lat' dir='ltr'>luctu</span> <span class='ocrx_word' id='word_1_463' title='bbox 793 3445 870 3503; x_wconf 88' lang='lat' dir='ltr'>venit</span> <span class='ocrx_word' id='word_1_464' title='bbox 883 3447 917 3504; x_wconf 93' lang='lat' dir='ltr'>ad</span> <span class='ocrx_word' id='word_1_465' title='bbox 972 3449 1051 3506; x_wconf 93' lang='lat' dir='ltr'>nium</span> <span class='ocrx_word' id='word_1_466' title='bbox 1074 3449 1165 3522; x_wconf 90' lang='lat' dir='ltr'>ignem</span> <span class='ocrx_word' id='word_1_467' title='bbox 1185 3448 1328 3522; x_wconf 88' lang='lat' dir='ltr'>copiosum</span> <span class='ocrx_word' id='word_1_468' title='bbox 1348 3447 1473 3517; x_wconf 89' lang='lat' dir='ltr'>accendi,</span> <span class='ocrx_word' id='word_1_469' title='bbox 1488 3455 1516 3504; x_wconf 88' lang='lat' dir='ltr'>et</span> <span class='ocrx_word' id='word_1_470' title='bbox 1530 3445 1559 3503; x_wconf 92' lang='lat' dir='ltr'>in</span> <span class='ocrx_word' id='word_1_471' title='bbox 1573 3445 1695 3504; x_wconf 89' lang='lat' dir='ltr'>medium</span> <span class='ocrx_word' id='word_1_472' title='bbox 1709 3461 1770 3502; x_wconf 90' lang='lat' dir='ltr'>eam</span> 
     </span>
     <span class='ocr_line' id='line_1_35' title="bbox 116 3535 1770 3620; baseline -0.003 -23"><span class='ocrx_word' id='word_1_473' title='bbox 116 3541 279 3611; x_wconf 87' lang='lat' dir='ltr'>theatrum;</span> <span class='ocrx_word' id='word_1_474' title='bbox 304 3551 334 3600; x_wconf 92' lang='lat' dir='ltr'>et</span> <span class='ocrx_word' id='word_1_475' title='bbox 354 3545 492 3618; x_wconf 89' lang='lat' dir='ltr'>ingressus</span> <span class='ocrx_word' id='word_1_476' title='bbox 515 3545 618 3614; x_wconf 89' lang='lat' dir='ltr'>locum,</span> <span class='ocrx_word' id='word_1_477' title='bbox 636 3544 665 3601; x_wconf 93' lang='lat' dir='ltr'>in</span> <span class='ocrx_word' id='word_1_478' title='bbox 683 3561 738 3620; x_wconf 91' lang='lat' dir='ltr'>quo</span> <span class='ocrx_word' id='word_1_479' title='bbox 754 3560 852 3619; x_wconf 90' lang='lat' dir='ltr'>corpus</span> <span class='ocrx_word' id='word_1_480' title='bbox 866 3543 917 3600; x_wconf 89' lang='lat' dir='ltr'>filii</span> <span class='ocrx_word' id='word_1_481' title='bbox 973 3541 1102 3613; x_wconf 79' lang='lat' dir='ltr'>precepit</span> <span class='ocrx_word' id='word_1_482' title='bbox 1113 3539 1211 3612; x_wconf 89' lang='lat' dir='ltr'>jactari</span> <span class='ocrx_word' id='word_1_483' title='bbox 1224 3539 1408 3596; x_wconf 86' lang='lat' dir='ltr'>flammarum.</span> <span class='ocrx_word' id='word_1_484' title='bbox 1429 3537 1509 3606; x_wconf 86' lang='lat' dir='ltr'>Quod</span> <span class='ocrx_word' id='word_1_485' title='bbox 1522 3554 1586 3595; x_wconf 88' lang='lat' dir='ltr'>cum</span> <span class='ocrx_word' id='word_1_486' title='bbox 1600 3536 1698 3594; x_wconf 91' lang='lat' dir='ltr'>fuisset</span> <span class='ocrx_word' id='word_1_487' title='bbox 1712 3535 1770 3593; x_wconf 88' lang='lat' dir='ltr'>im-</span> 
     </span>
     <span class='ocr_line' id='line_1_36' title="bbox 116 3625 1769 3706; baseline -0.005 -17"><span class='ocrx_word' id='word_1_488' title='bbox 116 3631 180 3704; x_wconf 84' lang='lat' dir='ltr'>ejus</span> <span class='ocrx_word' id='word_1_489' title='bbox 190 3630 300 3704; x_wconf 88' lang='lat' dir='ltr'>jacebat</span> <span class='ocrx_word' id='word_1_490' title='bbox 313 3632 453 3702; x_wconf 88' lang='lat' dir='ltr'>exanime,</span> <span class='ocrx_word' id='word_1_491' title='bbox 473 3649 536 3690; x_wconf 88' lang='lat' dir='ltr'>cum</span> <span class='ocrx_word' id='word_1_492' title='bbox 560 3650 659 3706; x_wconf 91' lang='lat' dir='ltr'>magno</span> <span class='ocrx_word' id='word_1_493' title='bbox 677 3633 796 3693; x_wconf 91' lang='lat' dir='ltr'>clamore</span> <span class='ocrx_word' id='word_1_494' title='bbox 810 3633 918 3692; x_wconf 90' lang='lat' dir='ltr'>dicebat</span> <span class='ocrx_word' id='word_1_495' title='bbox 973 3631 1090 3702; x_wconf 90' lang='lat' dir='ltr'>pletum,</span> <span class='ocrx_word' id='word_1_496' title='bbox 1102 3629 1195 3686; x_wconf 87' lang='lat' dir='ltr'>statim</span> <span class='ocrx_word' id='word_1_497' title='bbox 1208 3628 1238 3685; x_wconf 91' lang='lat' dir='ltr'>in</span> <span class='ocrx_word' id='word_1_498' title='bbox 1252 3627 1320 3686; x_wconf 90' lang='lat' dir='ltr'>duas</span> <span class='ocrx_word' id='word_1_499' title='bbox 1334 3636 1424 3702; x_wconf 88' lang='lat' dir='ltr'>partes</span> <span class='ocrx_word' id='word_1_500' title='bbox 1443 3626 1540 3685; x_wconf 74' lang='lat' dir='ltr'>divisa</span> <span class='ocrx_word' id='word_1_501' title='bbox 1554 3633 1620 3684; x_wconf 89' lang='lat' dir='ltr'>sunt</span> <span class='ocrx_word' id='word_1_502' title='bbox 1640 3625 1769 3694; x_wconf 80' lang='lat' dir='ltr'>flammas,</span> 
     </span>
     <span class='ocr_line' id='line_1_37' title="bbox 116 3713 1769 3795; baseline -0.002 -18"><span class='ocrx_word' id='word_1_503' title='bbox 116 3719 287 3778; x_wconf 82' lang='lat' dir='ltr'>beatissimae</span> <span class='ocrx_word' id='word_1_504' title='bbox 305 3720 427 3795; x_wconf 83' lang='lat' dir='ltr'>virgini:</span> <span class='ocrx_word' id='word_1_505' title='bbox 446 3721 645 3780; x_wconf 87' lang='lat' dir='ltr'>Crudelissima</span> <span class='ocrx_word' id='word_1_506' title='bbox 664 3723 789 3780; x_wconf 90' lang='lat' dir='ltr'>omnium</span> <span class='ocrx_word' id='word_1_507' title='bbox 804 3725 916 3781; x_wconf 85' lang='lat' dir='ltr'>femina·</span> <span class='ocrx_word' id='word_1_508' title='bbox 972 3728 999 3776; x_wconf 92' lang='lat' dir='ltr'>et</span> <span class='ocrx_word' id='word_1_509' title='bbox 1013 3719 1081 3777; x_wconf 93' lang='lat' dir='ltr'>hinc</span> <span class='ocrx_word' id='word_1_510' title='bbox 1102 3726 1184 3794; x_wconf 90' lang='lat' dir='ltr'>atque</span> <span class='ocrx_word' id='word_1_511' title='bbox 1199 3719 1281 3776; x_wconf 90' lang='lat' dir='ltr'>illinc</span> <span class='ocrx_word' id='word_1_512' title='bbox 1305 3717 1450 3775; x_wconf 86' lang='lat' dir='ltr'>seditiosos</span> <span class='ocrx_word' id='word_1_513' title='bbox 1469 3716 1586 3790; x_wconf 93' lang='lat' dir='ltr'>populos</span> <span class='ocrx_word' id='word_1_514' title='bbox 1599 3713 1769 3774; x_wconf 83' lang='lat' dir='ltr'>exurebant:</span> 
     </span>
     <span class='ocr_line' id='line_1_38' title="bbox 117 3805 1770 3887; baseline -0.003 -20"><span class='ocrx_word' id='word_1_515' title='bbox 117 3827 193 3880; x_wconf 89' lang='lat' dir='ltr'>rum,</span> <span class='ocrx_word' id='word_1_516' title='bbox 214 3810 249 3867; x_wconf 91' lang='lat' dir='ltr'>ad</span> <span class='ocrx_word' id='word_1_517' title='bbox 270 3809 361 3869; x_wconf 88' lang='lat' dir='ltr'>filium</span> <span class='ocrx_word' id='word_1_518' title='bbox 384 3828 476 3870; x_wconf 89' lang='lat' dir='ltr'>meum</span> <span class='ocrx_word' id='word_1_519' title='bbox 502 3813 616 3871; x_wconf 85' lang='lat' dir='ltr'>voluisti</span> <span class='ocrx_word' id='word_1_520' title='bbox 630 3813 763 3887; x_wconf 84' lang='lat' dir='ltr'>apodixin</span> <span class='ocrx_word' id='word_1_521' title='bbox 777 3822 832 3872; x_wconf 79' lang='lat' dir='ltr'>tue</span> <span class='ocrx_word' id='word_1_522' title='bbox 850 3815 917 3872; x_wconf 91' lang='lat' dir='ltr'>artis</span> <span class='ocrx_word' id='word_1_523' title='bbox 973 3809 1060 3881; x_wconf 90' lang='lat' dir='ltr'>ipsam</span> <span class='ocrx_word' id='word_1_524' title='bbox 1078 3816 1169 3866; x_wconf 88' lang='lat' dir='ltr'>autern</span> <span class='ocrx_word' id='word_1_525' title='bbox 1191 3809 1301 3881; x_wconf 88' lang='lat' dir='ltr'>penitus</span> <span class='ocrx_word' id='word_1_526' title='bbox 1321 3807 1350 3864; x_wconf 88' lang='lat' dir='ltr'>in</span> <span class='ocrx_word' id='word_1_527' title='bbox 1366 3806 1444 3863; x_wconf 90' lang='lat' dir='ltr'>nullo</span> <span class='ocrx_word' id='word_1_528' title='bbox 1466 3805 1644 3879; x_wconf 84' lang='lat' dir='ltr'>contingebat</span> <span class='ocrx_word' id='word_1_529' title='bbox 1669 3805 1770 3862; x_wconf 88' lang='lat' dir='ltr'>incen—</span> 
     </span>
     <span class='ocr_line' id='line_1_39' title="bbox 117 3893 1769 3976; baseline -0.008 -13"><span class='ocrx_word' id='word_1_530' title='bbox 117 3899 233 3973; x_wconf 73' lang='lat' dir='ltr'>megieae</span> <span class='ocrx_word' id='word_1_531' title='bbox 253 3900 463 3970; x_wconf 87' lang='lat' dir='ltr'>demonstrare;</span> <span class='ocrx_word' id='word_1_532' title='bbox 479 3909 507 3958; x_wconf 89' lang='lat' dir='ltr'>et</span> <span class='ocrx_word' id='word_1_533' title='bbox 529 3919 592 3960; x_wconf 91' lang='lat' dir='ltr'>cum</span> <span class='ocrx_word' id='word_1_534' title='bbox 614 3903 681 3960; x_wconf 89' lang='lat' dir='ltr'>talia</span> <span class='ocrx_word' id='word_1_535' title='bbox 693 3909 774 3976; x_wconf 87' lang='lat' dir='ltr'>atque</span> <span class='ocrx_word' id='word_1_536' title='bbox 793 3903 847 3961; x_wconf 88' lang='lat' dir='ltr'>alia</span> <span class='ocrx_word' id='word_1_537' title='bbox 867 3904 917 3960; x_wconf 91' lang='lat' dir='ltr'>hu·</span> <span class='ocrx_word' id='word_1_538' title='bbox 973 3896 1061 3954; x_wconf 90' lang='lat' dir='ltr'>dium.</span> <span class='ocrx_word' id='word_1_539' title='bbox 1077 3897 1113 3954; x_wconf 86' lang='lat' dir='ltr'>Et</span> <span class='ocrx_word' id='word_1_540' title='bbox 1125 3898 1212 3970; x_wconf 85' lang='lat' dir='ltr'>magis</span> <span class='ocrx_word' id='word_1_541' title='bbox 1226 3913 1281 3953; x_wconf 93' lang='lat' dir='ltr'>uon</span> <span class='ocrx_word' id='word_1_542' title='bbox 1297 3896 1350 3954; x_wconf 92' lang='lat' dir='ltr'>hoc</span> <span class='ocrx_word' id='word_1_543' title='bbox 1368 3894 1518 3952; x_wconf 89' lang='lat' dir='ltr'>virtutibus</span> <span class='ocrx_word' id='word_1_544' title='bbox 1532 3893 1703 3964; x_wconf 67' lang='lat' dir='ltr'>dismissed</span> <span class='ocrx_word' id='word_1_545' title='bbox 1714 3909 1769 3950; x_wconf 85' lang='lat' dir='ltr'>ma·</span> 
     </span>
     <span class='ocr_line' id='line_1_40' title="bbox 115 3981 1767 4064; baseline -0.009 -11"><span class='ocrx_word' id='word_1_546' title='bbox 115 3987 271 4060; x_wconf 75' lang='lat' dir='ltr'>ieeeemedi</span> <span class='ocrx_word' id='word_1_547' title='bbox 299 3989 462 4060; x_wconf 81' lang='lat' dir='ltr'>innecteret,</span> <span class='ocrx_word' id='word_1_548' title='bbox 491 3998 519 4048; x_wconf 91' lang='lat' dir='ltr'>et</span> <span class='ocrx_word' id='word_1_549' title='bbox 543 4007 653 4048; x_wconf 76' lang='lat' dir='ltr'>eaumm</span> <span class='ocrx_word' id='word_1_550' title='bbox 679 3993 777 4050; x_wconf 89' lang='lat' dir='ltr'>mortis</span> <span class='ocrx_word' id='word_1_551' title='bbox 800 3991 859 4064; x_wconf 90' lang='lat' dir='ltr'>ejus</span> <span class='ocrx_word' id='word_1_552' title='bbox 883 3991 917 4048; x_wconf 90' lang='lat' dir='ltr'>ab</span> <span class='ocrx_word' id='word_1_553' title='bbox 973 3985 1071 4052; x_wconf 84' lang='lat' dir='ltr'>leficiis</span> <span class='ocrx_word' id='word_1_554' title='bbox 1086 3995 1252 4060; x_wconf 90' lang='lat' dir='ltr'>reputantes,</span> <span class='ocrx_word' id='word_1_555' title='bbox 1268 3985 1371 4043; x_wconf 84' lang='lat' dir='ltr'>dabam</span> <span class='ocrx_word' id='word_1_556' title='bbox 1385 3985 1514 4042; x_wconf 90' lang='lat' dir='ltr'>fremitus</span> <span class='ocrx_word' id='word_1_557' title='bbox 1527 3984 1600 4040; x_wconf 91' lang='lat' dir='ltr'>inter</span> <span class='ocrx_word' id='word_1_558' title='bbox 1619 3998 1647 4040; x_wconf 89' lang='lat' dir='ltr'>se</span> <span class='ocrx_word' id='word_1_559' title='bbox 1661 3981 1767 4056; x_wconf 91' lang='lat' dir='ltr'>populi,</span> 
     </span>
     <span class='ocr_line' id='line_1_41' title="bbox 118 4074 1461 4154; baseline 0.002 -20"><span class='ocrx_word' id='word_1_560' title='bbox 118 4091 151 4134; x_wconf 87' lang='lat' dir='ltr'>ea</span> <span class='ocrx_word' id='word_1_561' title='bbox 175 4077 350 4136; x_wconf 81' lang='lat' dir='ltr'>vehementer</span> <span class='ocrx_word' id='word_1_562' title='bbox 370 4079 534 4154; x_wconf 91' lang='lat' dir='ltr'>inquireret,</span> <span class='ocrx_word' id='word_1_563' title='bbox 558 4080 597 4138; x_wconf 89' lang='lat' dir='ltr'>eit</span> <span class='ocrx_word' id='word_1_564' title='bbox 619 4082 654 4138; x_wconf 91' lang='lat' dir='ltr'>ad</span> <span class='ocrx_word' id='word_1_565' title='bbox 677 4097 741 4140; x_wconf 89' lang='lat' dir='ltr'>eum</span> <span class='ocrx_word' id='word_1_566' title='bbox 760 4079 919 4139; x_wconf 81' lang='lat' dir='ltr'>beatissima</span> <span class='ocrx_word' id='word_1_567' title='bbox 973 4082 1000 4132; x_wconf 83' lang='lat' dir='ltr'>et</span> <span class='ocrx_word' id='word_1_568' title='bbox 1013 4075 1138 4132; x_wconf 80' lang='lat' dir='ltr'>infinitos</span> <span class='ocrx_word' id='word_1_569' title='bbox 1154 4075 1288 4133; x_wconf 75' lang='lat' dir='ltr'>clamores</span> <span class='ocrx_word' id='word_1_570' title='bbox 1301 4074 1335 4131; x_wconf 77' lang='lat' dir='ltr'>ed</span> <span class='ocrx_word' id='word_1_571' title='bbox 1350 4075 1461 4132; x_wconf 83' lang='lat' dir='ltr'>eoelem·</span> 
     </span>
     <span class='ocr_line' id='line_1_42' title="bbox 116 4165 1768 4246; baseline -0.001 -22"><span class='ocrx_word' id='word_1_572' title='bbox 116 4167 290 4242; x_wconf 81' lang='lat' dir='ltr'>Agnes:llle</span> <span class='ocrx_word' id='word_1_573' title='bbox 303 4171 383 4244; x_wconf 87' lang='lat' dir='ltr'>cujus</span> <span class='ocrx_word' id='word_1_574' title='bbox 397 4172 568 4229; x_wconf 88' lang='lat' dir='ltr'>voluntatem</span> <span class='ocrx_word' id='word_1_575' title='bbox 579 4172 837 4245; x_wconf 86' lang='lat' dir='ltr'>volebatperficers‚</span> <span class='ocrx_word' id='word_1_576' title='bbox 860 4171 918 4244; x_wconf 91' lang='lat' dir='ltr'>ipse</span> <span class='ocrx_word' id='word_1_577' title='bbox 1010 4172 1052 4230; x_wconf 77' lang='lat'>13.</span> <span class='ocrx_word' id='word_1_578' title='bbox 1069 4174 1147 4230; x_wconf 83' lang='lat' dir='ltr'>Tunc</span> <span class='ocrx_word' id='word_1_579' title='bbox 1160 4173 1240 4230; x_wconf 89' lang='lat' dir='ltr'>beata</span> <span class='ocrx_word' id='word_1_580' title='bbox 1252 4170 1520 4246; x_wconf 67' lang='lat' dir='ltr'>Agnes-extendens</span> <span class='ocrx_word' id='word_1_581' title='bbox 1542 4183 1639 4224; x_wconf 91' lang='lat' dir='ltr'>manus</span> <span class='ocrx_word' id='word_1_582' title='bbox 1657 4181 1720 4224; x_wconf 90' lang='lat' dir='ltr'>suas</span> <span class='ocrx_word' id='word_1_583' title='bbox 1737 4165 1768 4223; x_wconf 90' lang='lat' dir='ltr'>in</span> 
     </span>
     <span class='ocr_line' id='line_1_43' title="bbox 116 4253 1767 4336; baseline -0.003 -21"><span class='ocrx_word' id='word_1_584' title='bbox 116 4259 146 4316; x_wconf 91' lang='lat' dir='ltr'>fn</span> <span class='ocrx_word' id='word_1_585' title='bbox 177 4276 240 4318; x_wconf 91' lang='lat' dir='ltr'>eum</span> <span class='ocrx_word' id='word_1_586' title='bbox 268 4269 430 4335; x_wconf 89' lang='lat' dir='ltr'>potestatem</span> <span class='ocrx_word' id='word_1_587' title='bbox 458 4262 571 4336; x_wconf 88' lang='lat' dir='ltr'>accepit.</span> <span class='ocrx_word' id='word_1_588' title='bbox 595 4263 684 4332; x_wconf 84' lang='lat' dir='ltr'>Quare</span> <span class='ocrx_word' id='word_1_589' title='bbox 708 4271 799 4320; x_wconf 88' lang='lat' dir='ltr'>autem</span> <span class='ocrx_word' id='word_1_590' title='bbox 823 4277 918 4320; x_wconf 91' lang='lat' dir='ltr'>omnes</span> <span class='ocrx_word' id='word_1_591' title='bbox 973 4260 1065 4318; x_wconf 91' lang='lat' dir='ltr'>medio</span> <span class='ocrx_word' id='word_1_592' title='bbox 1084 4261 1166 4334; x_wconf 87' lang='lat' dir='ltr'>ignis,</span> <span class='ocrx_word' id='word_1_593' title='bbox 1185 4261 1229 4319; x_wconf 88' lang='lat' dir='ltr'>his</span> <span class='ocrx_word' id='word_1_594' title='bbox 1253 4261 1345 4318; x_wconf 86' lang='lat' dir='ltr'>verbis</span> <span class='ocrx_word' id='word_1_595' title='bbox 1365 4260 1517 4316; x_wconf 91' lang='lat' dir='ltr'>orationem</span> <span class='ocrx_word' id='word_1_596' title='bbox 1532 4255 1605 4313; x_wconf 89' lang='lat' dir='ltr'>fudit</span> <span class='ocrx_word' id='word_1_597' title='bbox 1628 4253 1767 4312; x_wconf 87' lang='lat' dir='ltr'>adDomi·</span> 
     </span>
     <span class='ocr_line' id='line_1_44' title="bbox 115 4344 1768 4428; baseline -0.003 -22"><span class='ocrx_word' id='word_1_598' title='bbox 115 4350 164 4424; x_wconf 92' lang='lat' dir='ltr'>qui</span> <span class='ocrx_word' id='word_1_599' title='bbox 191 4349 226 4407; x_wconf 87' lang='lat' dir='ltr'>ed</span> <span class='ocrx_word' id='word_1_600' title='bbox 249 4369 293 4409; x_wconf 89' lang='lat' dir='ltr'>me</span> <span class='ocrx_word' id='word_1_601' title='bbox 314 4351 430 4426; x_wconf 90' lang='lat' dir='ltr'>ingressi</span> <span class='ocrx_word' id='word_1_602' title='bbox 450 4360 526 4422; x_wconf 90' lang='lat' dir='ltr'>sunt,</span> <span class='ocrx_word' id='word_1_603' title='bbox 548 4353 608 4410; x_wconf 90' lang='lat' dir='ltr'>sani</span> <span class='ocrx_word' id='word_1_604' title='bbox 623 4353 723 4427; x_wconf 88' lang='lat' dir='ltr'>egressi</span> <span class='ocrx_word' id='word_1_605' title='bbox 747 4361 827 4411; x_wconf 91' lang='lat' dir='ltr'>sunt:</span> <span class='ocrx_word' id='word_1_606' title='bbox 853 4353 919 4428; x_wconf 91' lang='lat' dir='ltr'>quia</span> <span class='ocrx_word' id='word_1_607' title='bbox 972 4367 1059 4420; x_wconf 90' lang='lat' dir='ltr'>num;</span> <span class='ocrx_word' id='word_1_608' title='bbox 1085 4350 1279 4423; x_wconf 82' lang='lat' dir='ltr'>Omnipotens,</span> <span class='ocrx_word' id='word_1_609' title='bbox 1303 4347 1450 4418; x_wconf 89' lang='lat' dir='ltr'>adorande,</span> <span class='ocrx_word' id='word_1_610' title='bbox 1474 4347 1598 4416; x_wconf 91' lang='lat' dir='ltr'>colende,</span> <span class='ocrx_word' id='word_1_611' title='bbox 1626 4344 1768 4404; x_wconf 91' lang='lat' dir='ltr'>tremende</span> 
     </span>
     <span class='ocr_line' id='line_1_45' title="bbox 115 4435 1769 4518; baseline -0.005 -18"><span class='ocrx_word' id='word_1_612' title='bbox 115 4459 216 4500; x_wconf 90' lang='lat' dir='ltr'>omnes</span> <span class='ocrx_word' id='word_1_613' title='bbox 239 4443 374 4501; x_wconf 91' lang='lat' dir='ltr'>dederunt</span> <span class='ocrx_word' id='word_1_614' title='bbox 394 4443 528 4501; x_wconf 91' lang='lat' dir='ltr'>honorem</span> <span class='ocrx_word' id='word_1_615' title='bbox 551 4445 620 4513; x_wconf 92' lang='lat' dir='ltr'>Deo,</span> <span class='ocrx_word' id='word_1_616' title='bbox 639 4445 684 4518; x_wconf 91' lang='lat' dir='ltr'>qui</span> <span class='ocrx_word' id='word_1_617' title='bbox 701 4444 777 4501; x_wconf 88' lang='lat' dir='ltr'>misit</span> <span class='ocrx_word' id='word_1_618' title='bbox 791 4445 916 4517; x_wconf 89' lang='lat' dir='ltr'>angelum</span> <span class='ocrx_word' id='word_1_619' title='bbox 972 4440 1052 4498; x_wconf 89' lang='lat' dir='ltr'>Pater</span> <span class='ocrx_word' id='word_1_620' title='bbox 1074 4441 1186 4499; x_wconf 87' lang='lat' dir='ltr'>Domini</span> <span class='ocrx_word' id='word_1_621' title='bbox 1210 4441 1264 4498; x_wconf 92' lang='lat' dir='ltr'>mei</span> <span class='ocrx_word' id='word_1_622' title='bbox 1286 4442 1349 4498; x_wconf 83' lang='lat' dir='ltr'>lesu</span> <span class='ocrx_word' id='word_1_623' title='bbox 1363 4438 1477 4508; x_wconf 90' lang='lat' dir='ltr'>Christi,</span> <span class='ocrx_word' id='word_1_624' title='bbox 1491 4436 1624 4496; x_wconf 85' lang='lat' dir='ltr'>benedico</span> <span class='ocrx_word' id='word_1_625' title='bbox 1644 4444 1683 4505; x_wconf 90' lang='lat' dir='ltr'>te,</span> <span class='ocrx_word' id='word_1_626' title='bbox 1704 4435 1769 4509; x_wconf 84' lang='lat' dir='ltr'>quia</span> 
     </span>
    </p>
   </div>
   <div class='ocr_carea' id='block_1_6' title="bbox 112 4523 1769 5149">
    <p class='ocr_par' dir='ltr' id='par_1_8' title="bbox 112 4523 1769 5149">
     <span class='ocr_line' id='line_1_46' title="bbox 114 4523 1767 4625; baseline -0.004 -37"><span class='ocrx_word' id='word_1_627' title='bbox 114 4547 213 4602; x_wconf 89' lang='lat' dir='ltr'>suum,</span> <span class='ocrx_word' id='word_1_628' title='bbox 233 4540 260 4588; x_wconf 89' lang='lat' dir='ltr'>et</span> <span class='ocrx_word' id='word_1_629' title='bbox 283 4523 377 4590; x_wconf 74' lang='lat' dir='ltr'>induit&#39;</span> <span class='ocrx_word' id='word_1_630' title='bbox 399 4548 443 4590; x_wconf 92' lang='lat' dir='ltr'>me</span> <span class='ocrx_word' id='word_1_631' title='bbox 466 4532 520 4592; x_wconf 90' lang='lat' dir='ltr'>boc</span> <span class='ocrx_word' id='word_1_632' title='bbox 543 4533 707 4590; x_wconf 88' lang='lat' dir='ltr'>indumento</span> <span class='ocrx_word' id='word_1_633' title='bbox 721 4531 917 4590; x_wconf 79' lang='lat' dir='ltr'>misericordias</span> <span class='ocrx_word' id='word_1_634' title='bbox 932 4565 956 4625; x_wconf 77' lang='lat' dir='ltr'>D</span> <span class='ocrx_word' id='word_1_635' title='bbox 973 4547 1021 4604; x_wconf 91' lang='lat' dir='ltr'>per</span> <span class='ocrx_word' id='word_1_636' title='bbox 1036 4531 1140 4589; x_wconf 83' lang='lat' dir='ltr'>Filium</span> <span class='ocrx_word' id='word_1_637' title='bbox 1161 4539 1239 4589; x_wconf 93' lang='lat' dir='ltr'>tuum</span> <span class='ocrx_word' id='word_1_638' title='bbox 1256 4530 1329 4590; x_wconf 89' lang='lat' dir='ltr'>evasi</span> <span class='ocrx_word' id='word_1_639' title='bbox 1341 4529 1430 4586; x_wconf 92' lang='lat' dir='ltr'>minas</span> <span class='ocrx_word' id='word_1_640' title='bbox 1446 4527 1591 4586; x_wconf 90' lang='lat' dir='ltr'>hominum</span> <span class='ocrx_word' id='word_1_641' title='bbox 1607 4526 1767 4600; x_wconf 91' lang='lat' dir='ltr'>impiorum,</span> 
     </span>
     <span class='ocr_line' id='line_1_47' title="bbox 114 4615 1769 4700; baseline -0.004 -20"><span class='ocrx_word' id='word_1_642' title='bbox 114 4639 186 4694; x_wconf 81' lang='lat' dir='ltr'>suae,</span> <span class='ocrx_word' id='word_1_643' title='bbox 201 4631 230 4681; x_wconf 89' lang='lat' dir='ltr'>et</span> <span class='ocrx_word' id='word_1_644' title='bbox 243 4625 395 4682; x_wconf 90' lang='lat' dir='ltr'>custodivit</span> <span class='ocrx_word' id='word_1_645' title='bbox 408 4643 507 4699; x_wconf 89' lang='lat' dir='ltr'>corpus</span> <span class='ocrx_word' id='word_1_646' title='bbox 527 4642 629 4696; x_wconf 90' lang='lat' dir='ltr'>meum,</span> <span class='ocrx_word' id='word_1_647' title='bbox 646 4625 719 4700; x_wconf 92' lang='lat' dir='ltr'>quod</span> <span class='ocrx_word' id='word_1_648' title='bbox 734 4625 768 4682; x_wconf 95' lang='lat' dir='ltr'>ab</span> <span class='ocrx_word' id='word_1_649' title='bbox 783 4625 850 4697; x_wconf 90' lang='lat' dir='ltr'>ipsis</span> <span class='ocrx_word' id='word_1_650' title='bbox 864 4641 918 4682; x_wconf 87' lang='lat' dir='ltr'>cu·</span> <span class='ocrx_word' id='word_1_651' title='bbox 971 4628 999 4678; x_wconf 92' lang='lat' dir='ltr'>et</span> <span class='ocrx_word' id='word_1_652' title='bbox 1014 4620 1161 4694; x_wconf 90' lang='lat' dir='ltr'>spurcitias</span> <span class='ocrx_word' id='word_1_653' title='bbox 1182 4619 1285 4678; x_wconf 91' lang='lat' dir='ltr'>diaboli</span> <span class='ocrx_word' id='word_1_654' title='bbox 1310 4618 1458 4692; x_wconf 90' lang='lat' dir='ltr'>impolluto</span> <span class='ocrx_word' id='word_1_655' title='bbox 1471 4618 1540 4677; x_wconf 87' lang='lat' dir='ltr'>calle</span> <span class='ocrx_word' id='word_1_656' title='bbox 1553 4615 1681 4674; x_wconf 84' lang='lat' dir='ltr'>transiri.</span> <span class='ocrx_word' id='word_1_657' title='bbox 1696 4616 1769 4674; x_wconf 83' lang='lat' dir='ltr'>ltccs</span> 
     </span>
     <span class='ocr_line' id='line_1_48' title="bbox 113 4705 1768 4783; baseline -0.004 -14"><span class='ocrx_word' id='word_1_658' title='bbox 113 4712 231 4770; x_wconf 88' lang='lat' dir='ltr'>nebulis</span> <span class='ocrx_word' id='word_1_659' title='bbox 258 4713 369 4773; x_wconf 92' lang='lat' dir='ltr'>Christo</span> <span class='ocrx_word' id='word_1_660' title='bbox 386 4723 577 4773; x_wconf 88' lang='lat' dir='ltr'>consecratum</span> <span class='ocrx_word' id='word_1_661' title='bbox 600 4723 642 4773; x_wconf 90' lang='lat' dir='ltr'>est</span> <span class='ocrx_word' id='word_1_662' title='bbox 662 4723 690 4772; x_wconf 92' lang='lat' dir='ltr'>et</span> <span class='ocrx_word' id='word_1_663' title='bbox 712 4714 847 4772; x_wconf 89' lang='lat' dir='ltr'>oblatum.</span> <span class='ocrx_word' id='word_1_664' title='bbox 861 4713 917 4771; x_wconf 86' lang='lat' dir='ltr'>vi·</span> <span class='ocrx_word' id='word_1_665' title='bbox 970 4726 1045 4768; x_wconf 93' lang='lat' dir='ltr'>nunc</span> <span class='ocrx_word' id='word_1_666' title='bbox 1067 4711 1155 4768; x_wconf 85' lang='lat' dir='ltr'>sancti</span> <span class='ocrx_word' id='word_1_667' title='bbox 1177 4709 1297 4783; x_wconf 90' lang='lat' dir='ltr'>Spiritus</span> <span class='ocrx_word' id='word_1_668' title='bbox 1318 4725 1380 4767; x_wconf 92' lang='lat' dir='ltr'>rore</span> <span class='ocrx_word' id='word_1_669' title='bbox 1403 4708 1508 4766; x_wconf 85' lang='lat' dir='ltr'>coelesti</span> <span class='ocrx_word' id='word_1_670' title='bbox 1531 4707 1650 4781; x_wconf 87' lang='lat' dir='ltr'>perfusa,</span> <span class='ocrx_word' id='word_1_671' title='bbox 1665 4705 1768 4763; x_wconf 89' lang='lat' dir='ltr'>resolu-</span> 
     </span>
     <span class='ocr_line' id='line_1_49' title="bbox 114 4796 1769 4880; baseline -0.004 -21"><span class='ocrx_word' id='word_1_672' title='bbox 114 4801 217 4860; x_wconf 88' lang='lat' dir='ltr'>dentes</span> <span class='ocrx_word' id='word_1_673' title='bbox 246 4812 338 4862; x_wconf 88' lang='lat' dir='ltr'>autem</span> <span class='ocrx_word' id='word_1_674' title='bbox 368 4806 542 4879; x_wconf 89' lang='lat' dir='ltr'>splendorem</span> <span class='ocrx_word' id='word_1_675' title='bbox 572 4806 739 4880; x_wconf 91' lang='lat' dir='ltr'>angelicum,</span> <span class='ocrx_word' id='word_1_676' title='bbox 766 4804 916 4864; x_wconf 86' lang='lat' dir='ltr'>adorabant</span> <span class='ocrx_word' id='word_1_677' title='bbox 969 4807 1016 4856; x_wconf 90' lang='lat' dir='ltr'>tus</span> <span class='ocrx_word' id='word_1_678' title='bbox 1030 4807 1073 4857; x_wconf 88' lang='lat' dir='ltr'>est</span> <span class='ocrx_word' id='word_1_679' title='bbox 1091 4799 1174 4874; x_wconf 82' lang='lat' dir='ltr'>juxta</span> <span class='ocrx_word' id='word_1_680' title='bbox 1197 4798 1337 4873; x_wconf 86' lang='lat' dir='ltr'>maignis,</span> <span class='ocrx_word' id='word_1_681' title='bbox 1360 4797 1470 4854; x_wconf 86' lang='lat' dir='ltr'>damma</span> <span class='ocrx_word' id='word_1_682' title='bbox 1494 4796 1631 4856; x_wconf 86' lang='lat' dir='ltr'>dividitur</span> <span class='ocrx_word' id='word_1_683' title='bbox 1647 4797 1717 4870; x_wconf 79' lang='lat' dir='ltr'>(tt),</span> <span class='ocrx_word' id='word_1_684' title='bbox 1741 4803 1769 4854; x_wconf 90' lang='lat' dir='ltr'>et</span> 
     </span>
     <span class='ocr_line' id='line_1_50' title="bbox 114 4887 1768 4968; baseline -0.001 -21"><span class='ocrx_word' id='word_1_685' title='bbox 114 4905 227 4963; x_wconf 90' lang='lat' dir='ltr'>omnes,</span> <span class='ocrx_word' id='word_1_686' title='bbox 249 4902 276 4950; x_wconf 90' lang='lat' dir='ltr'>et</span> <span class='ocrx_word' id='word_1_687' title='bbox 297 4893 480 4952; x_wconf 88' lang='lat' dir='ltr'>abscedebant</span> <span class='ocrx_word' id='word_1_688' title='bbox 503 4893 601 4952; x_wconf 78' lang='lat' dir='ltr'>illesi:</span> <span class='ocrx_word' id='word_1_689' title='bbox 625 4894 672 4952; x_wconf 88' lang='lat' dir='ltr'>hic</span> <span class='ocrx_word' id='word_1_690' title='bbox 699 4903 790 4952; x_wconf 90' lang='lat' dir='ltr'>autem</span> <span class='ocrx_word' id='word_1_691' title='bbox 820 4895 917 4968; x_wconf 91' lang='lat' dir='ltr'>impu·</span> <span class='ocrx_word' id='word_1_692' title='bbox 971 4889 1052 4948; x_wconf 91' lang='lat' dir='ltr'>ardor</span> <span class='ocrx_word' id='word_1_693' title='bbox 1079 4889 1203 4948; x_wconf 91' lang='lat' dir='ltr'>incendii</span> <span class='ocrx_word' id='word_1_694' title='bbox 1228 4887 1312 4962; x_wconf 88' lang='lat' dir='ltr'>hujus</span> <span class='ocrx_word' id='word_1_695' title='bbox 1325 4889 1359 4946; x_wconf 86' lang='lat' dir='ltr'>ed</span> <span class='ocrx_word' id='word_1_696' title='bbox 1374 4887 1563 4963; x_wconf 90' lang='lat' dir='ltr'>eosaquibus</span> <span class='ocrx_word' id='word_1_697' title='bbox 1584 4887 1768 4948; x_wconf 82' lang='lat' dir='ltr'>ministratur.</span> 
     </span>
     <span class='ocr_line' id='line_1_51' title="bbox 113 4976 1769 5059; baseline -0.005 -20"><span class='ocrx_word' id='word_1_698' title='bbox 113 4981 187 5040; x_wconf 89' lang='lat' dir='ltr'>dens</span> <span class='ocrx_word' id='word_1_699' title='bbox 200 4984 295 5040; x_wconf 91' lang='lat' dir='ltr'>statim</span> <span class='ocrx_word' id='word_1_700' title='bbox 310 4993 341 5043; x_wconf 93' lang='lat' dir='ltr'>ut</span> <span class='ocrx_word' id='word_1_701' title='bbox 355 4984 494 5058; x_wconf 88' lang='lat' dir='ltr'>ingressus</span> <span class='ocrx_word' id='word_1_702' title='bbox 506 4994 556 5053; x_wconf 89' lang='lat' dir='ltr'>est,</span> <span class='ocrx_word' id='word_1_703' title='bbox 566 4986 663 5043; x_wconf 80' lang='lat' dir='ltr'>sevire</span> <span class='ocrx_word' id='word_1_704' title='bbox 677 4986 760 5059; x_wconf 82' lang='lat' dir='ltr'>erepit</span> <span class='ocrx_word' id='word_1_705' title='bbox 773 4995 800 5043; x_wconf 90' lang='lat' dir='ltr'>et</span> <span class='ocrx_word' id='word_1_706' title='bbox 812 4987 917 5044; x_wconf 84' lang='lat' dir='ltr'>freme-</span> <span class='ocrx_word' id='word_1_707' title='bbox 971 4979 1132 5037; x_wconf 88' lang='lat' dir='ltr'>effunditur.</span> <span class='ocrx_word' id='word_1_708' title='bbox 1150 4978 1287 5037; x_wconf 87' lang='lat' dir='ltr'>Denedico</span> <span class='ocrx_word' id='word_1_709' title='bbox 1301 4986 1338 5050; x_wconf 91' lang='lat' dir='ltr'>te,</span> <span class='ocrx_word' id='word_1_710' title='bbox 1349 4977 1619 5052; x_wconf 82' lang='lat' dir='ltr'>Paterpraedicande,</span> <span class='ocrx_word' id='word_1_711' title='bbox 1628 4977 1676 5051; x_wconf 93' lang='lat' dir='ltr'>qui</span> <span class='ocrx_word' id='word_1_712' title='bbox 1686 4976 1769 5032; x_wconf 87' lang='lat' dir='ltr'>etiem</span> 
     </span>
     <span class='ocr_line' id='line_1_52' title="bbox 112 5065 1769 5149; baseline -0.004 -21"><span class='ocrx_word' id='word_1_713' title='bbox 112 5089 145 5129; x_wconf 93' lang='lat' dir='ltr'>re</span> <span class='ocrx_word' id='word_1_714' title='bbox 157 5091 165 5142; x_wconf 92' lang='lat'>;</span> <span class='ocrx_word' id='word_1_715' title='bbox 193 5089 312 5149; x_wconf 90' lang='lat' dir='ltr'>cumque</span> <span class='ocrx_word' id='word_1_716' title='bbox 337 5091 451 5133; x_wconf 90' lang='lat' dir='ltr'>manum</span> <span class='ocrx_word' id='word_1_717' title='bbox 477 5091 554 5132; x_wconf 89' lang='lat' dir='ltr'>suem</span> <span class='ocrx_word' id='word_1_718' title='bbox 582 5073 616 5132; x_wconf 89' lang='lat' dir='ltr'>ad</span> <span class='ocrx_word' id='word_1_719' title='bbox 638 5091 682 5130; x_wconf 91' lang='lat' dir='ltr'>me</span> <span class='ocrx_word' id='word_1_720' title='bbox 704 5075 916 5148; x_wconf 86' lang='lat' dir='ltr'>contingendam</span> <span class='ocrx_word' id='word_1_721' title='bbox 971 5069 1174 5129; x_wconf 85' lang='lat' dir='ltr'>interflammas</span> <span class='ocrx_word' id='word_1_722' title='bbox 1186 5069 1351 5146; x_wconf 80' lang='lat' dir='ltr'>intrepidam</span> <span class='ocrx_word' id='word_1_723' title='bbox 1365 5085 1409 5128; x_wconf 90' lang='lat' dir='ltr'>me</span> <span class='ocrx_word' id='word_1_724' title='bbox 1423 5067 1458 5126; x_wconf 87' lang='lat' dir='ltr'>sd</span> <span class='ocrx_word' id='word_1_725' title='bbox 1471 5077 1498 5126; x_wconf 91' lang='lat' dir='ltr'>te</span> <span class='ocrx_word' id='word_1_726' title='bbox 1512 5067 1607 5128; x_wconf 86' lang='lat' dir='ltr'>venire</span> <span class='ocrx_word' id='word_1_727' title='bbox 1620 5065 1769 5141; x_wconf 86' lang='lat' dir='ltr'>permittis,</span> 
     </span>
    </p>
   </div>
   <div class='ocr_carea' id='block_1_7' title="bbox 111 5286 1770 5796">
    <p class='ocr_par' dir='ltr' id='par_1_9' title="bbox 111 5286 1770 5796">
     <span class='ocr_line' id='line_1_53' title="bbox 167 5286 1614 5372; baseline -0.005 -24"><span class='ocrx_word' id='word_1_728' title='bbox 167 5291 184 5348; x_wconf 87' lang='grc'>9</span> <span class='ocrx_word' id='word_1_729' title='bbox 211 5289 257 5347; x_wconf 89' lang='lat' dir='ltr'>Sic</span> <span class='ocrx_word' id='word_1_730' title='bbox 269 5289 358 5348; x_wconf 84' lang='lat' dir='ltr'>Noall.</span> <span class='ocrx_word' id='word_1_731' title='bbox 372 5289 556 5350; x_wconf 75' lang='lat' dir='ltr'>code12edit.</span> <span class='ocrx_word' id='word_1_732' title='bbox 572 5297 674 5356; x_wconf 89' lang='lat' dir='ltr'>eutem,</span> <span class='ocrx_word' id='word_1_733' title='bbox 689 5290 775 5346; x_wconf 80' lang='lat' dir='ltr'>omnis</span> <span class='ocrx_word' id='word_1_734' title='bbox 806 5289 835 5346; x_wconf 78' lang='lat' dir='ltr'>oi</span> <span class='ocrx_word' id='word_1_735' title='bbox 858 5291 919 5346; x_wconf 81' lang='lat' dir='ltr'>aia-</span> <span class='ocrx_word' id='word_1_736' title='bbox 970 5289 1154 5358; x_wconf 83' lang='lat' dir='ltr'>oom,·codex</span> <span class='ocrx_word' id='word_1_737' title='bbox 1170 5287 1322 5372; x_wconf 63' lang='lat' dir='ltr'>lloall3.5io</span> <span class='ocrx_word' id='word_1_738' title='bbox 1348 5288 1430 5344; x_wconf 66' lang='lat' dir='ltr'>odem</span> <span class='ocrx_word' id='word_1_739' title='bbox 1439 5286 1614 5368; x_wconf 34' lang='lat' dir='ltr'>pavimenti..</span> 
     </span>
     <span class='ocr_line' id='line_1_54' title="bbox 787 5307 803 5374; baseline 0 0"><span class='ocrx_word' id='word_1_740' title='bbox 787 5307 803 5374; x_wconf 84' lang='lat' dir='ltr'>f</span> 
     </span>
     <span class='ocr_line' id='line_1_55' title="bbox 112 5351 1768 5445; baseline -0.005 -29"><span class='ocrx_word' id='word_1_741' title='bbox 112 5369 153 5418; x_wconf 84' lang='lat' dir='ltr'>set</span> <span class='ocrx_word' id='word_1_742' title='bbox 177 5377 322 5444; x_wconf 70' lang='lat' dir='ltr'>segressus,</span> <span class='ocrx_word' id='word_1_743' title='bbox 345 5363 473 5445; x_wconf 81' lang='lat' dir='ltr'>odoraret</span> <span class='ocrx_word' id='word_1_744' title='bbox 478 5404 531 5419; x_wconf 91' lang='grc'><strong>.....</strong></span> <span class='ocrx_word' id='word_1_745' title='bbox 556 5361 623 5418; x_wconf 82' lang='lat' dir='ltr'>dorsa</span> <span class='ocrx_word' id='word_1_746' title='bbox 648 5361 771 5419; x_wconf 71' lang='lat' dir='ltr'>hmorero</span> <span class='ocrx_word' id='word_1_747' title='bbox 792 5379 918 5418; x_wconf 74' lang='lat' dir='ltr'>ammoto</span> <span class='ocrx_word' id='word_1_748' title='bbox 1009 5361 1068 5434; x_wconf 71' lang='lat' dir='ltr'>(lt)</span> <span class='ocrx_word' id='word_1_749' title='bbox 1083 5363 1182 5433; x_wconf 82' lang='lat' dir='ltr'>Popott</span> <span class='ocrx_word' id='word_1_750' title='bbox 1202 5363 1355 5418; x_wconf 77' lang='lat' dir='ltr'>sedationem</span> <span class='ocrx_word' id='word_1_751' title='bbox 1377 5377 1431 5415; x_wconf 83' lang='lat' dir='ltr'>ooo</span> <span class='ocrx_word' id='word_1_752' title='bbox 1444 5359 1532 5430; x_wconf 74' lang='lat' dir='ltr'>serem</span> <span class='ocrx_word' id='word_1_753' title='bbox 1551 5357 1662 5415; x_wconf 81' lang='lat' dir='ltr'>additur</span> <span class='ocrx_word' id='word_1_754' title='bbox 1676 5367 1692 5410; x_wconf 87' lang='lat' dir='ltr'>e</span> <span class='ocrx_word' id='word_1_755' title='bbox 1705 5351 1768 5410; x_wconf 88' lang='lat' dir='ltr'>oud.</span> 
     </span>
     <span class='ocr_line' id='line_1_56' title="bbox 112 5433 1770 5588; baseline -0.005 -26"><span class='ocrx_word' id='word_1_756' title='bbox 112 5433 423 5588; x_wconf 47' lang='grc' dir='ltr'>ιωῖῑιδῖὄξηᾜέἆῗῖἓ</span> <span class='ocrx_word' id='word_1_757' title='bbox 434 5441 601 5577; x_wconf 52' lang='lat' dir='ltr'>eetcitspreasos</span> <span class='ocrx_word' id='word_1_758' title='bbox 615 5510 675 5587; x_wconf 75' lang='lat' dir='ltr'>unte</span> <span class='ocrx_word' id='word_1_759' title='bbox 688 5519 714 5560; x_wconf 82' lang='lat' dir='ltr'>ae</span> <span class='ocrx_word' id='word_1_760' title='bbox 726 5503 918 5588; x_wconf 71' lang='lat' dir='ltr'>ferenespoe-</span> <span class='ocrx_word' id='word_1_761' title='bbox 970 5433 1068 5578; x_wconf 54' lang='lat' dir='ltr'>Nffll</span> <span class='ocrx_word' id='word_1_762' title='bbox 1082 5505 1196 5587; x_wconf 71' lang='lat' dir='ltr'>Omnes⁸</span> <span class='ocrx_word' id='word_1_763' title='bbox 1207 5504 1286 5572; x_wconf 86' lang='lat' dir='ltr'>edit,</span> <span class='ocrx_word' id='word_1_764' title='bbox 1309 5504 1375 5559; x_wconf 82' lang='lat' dir='ltr'>Ecce</span> <span class='ocrx_word' id='word_1_765' title='bbox 1388 5509 1413 5558; x_wconf 84' lang='lat' dir='ltr'>et</span> <span class='ocrx_word' id='word_1_766' title='bbox 1428 5517 1498 5580; x_wconf 74' lang='lat' dir='ltr'>none</span> <span class='ocrx_word' id='word_1_767' title='bbox 1519 5515 1581 5554; x_wconf 84' lang='lat' dir='ltr'>rora</span> <span class='ocrx_word' id='word_1_768' title='bbox 1602 5497 1770 5579; x_wconf 27' lang='lat' dir='ltr'>colestiflpsr·</span> 
     </span>
     <span class='ocr_line' id='line_1_57' title="bbox 111 5572 1770 5659; baseline -0.002 -30"><span class='ocrx_word' id='word_1_769' title='bbox 111 5591 174 5642; x_wconf 81' lang='lat' dir='ltr'>ros,</span> <span class='ocrx_word' id='word_1_770' title='bbox 193 5583 217 5632; x_wconf 84' lang='lat' dir='ltr'>et</span> <span class='ocrx_word' id='word_1_771' title='bbox 231 5583 259 5631; x_wconf 84' lang='lat' dir='ltr'>to</span> <span class='ocrx_word' id='word_1_772' title='bbox 306 5583 492 5659; x_wconf 28' lang='lat' dir='ltr'>tartareoteotes</span> <span class='ocrx_word' id='word_1_773' title='bbox 504 5591 649 5632; x_wconf 79' lang='lat' dir='ltr'>cumomni</span> <span class='ocrx_word' id='word_1_774' title='bbox 663 5582 838 5648; x_wconf 78' lang='lat' dir='ltr'>omeroeorsa,</span> <span class='ocrx_word' id='word_1_775' title='bbox 852 5587 917 5645; x_wconf 89' lang='lat' dir='ltr'>etc.;</span> <span class='ocrx_word' id='word_1_776' title='bbox 973 5574 1106 5648; x_wconf 73' lang='lat' dir='ltr'>[comper</span> <span class='ocrx_word' id='word_1_777' title='bbox 1122 5577 1253 5658; x_wconf 71' lang='lat' dir='ltr'>Spiritum</span> <span class='ocrx_word' id='word_1_778' title='bbox 1267 5580 1386 5629; x_wconf 81' lang='lat' dir='ltr'>sanctum</span> <span class='ocrx_word' id='word_1_779' title='bbox 1399 5572 1566 5644; x_wconf 69' lang='lat' dir='ltr'>focusgaeto</span> <span class='ocrx_word' id='word_1_780' title='bbox 1579 5584 1619 5624; x_wconf 84' lang='lat' dir='ltr'>me</span> <span class='ocrx_word' id='word_1_781' title='bbox 1633 5575 1770 5638; x_wconf 58' lang='lat' dir='ltr'>monton·</span> 
     </span>
     <span class='ocr_line' id='line_1_58' title="bbox 112 5645 1395 5792; baseline -0.003 -88"><span class='ocrx_word' id='word_1_782' title='bbox 112 5645 218 5792; x_wconf 53' lang='lat' dir='ltr'>Noalli.)</span> <span class='ocrx_word' id='word_1_783' title='bbox 231 5655 485 5778; x_wconf 51' lang='grc' dir='ltr'>Μὲιῶιὲιὼᾈῗιω.</span> <span class='ocrx_word' id='word_1_784' title='bbox 528 5727 631 5779; x_wconf 61' lang='lat' dir='ltr'><strong><em>m</em></strong></span> <span class='ocrx_word' id='word_1_785' title='bbox 703 5720 708 5731; x_wconf 41' lang='grc' dir='ltr'>Ι</span> <span class='ocrx_word' id='word_1_786' title='bbox 743 5718 761 5791; x_wconf 53' lang='lat' dir='ltr'><strong><em>f</em></strong></span> <span class='ocrx_word' id='word_1_787' title='bbox 794 5720 799 5731; x_wconf 37' lang='grc' dir='ltr'>Ι</span> <span class='ocrx_word' id='word_1_788' title='bbox 874 5721 920 5778; x_wconf 48' lang='grc' dir='ltr'>ω.</span> <span class='ocrx_word' id='word_1_789' title='bbox 973 5647 1165 5706; x_wconf 80' lang='lat' dir='ltr'>ccdexlloall.</span> <span class='ocrx_word' id='word_1_790' title='bbox 1182 5655 1257 5704; x_wconf 89' lang='lat' dir='ltr'>utrn</span> <span class='ocrx_word' id='word_1_791' title='bbox 1269 5658 1395 5717; x_wconf 90' lang='lat' dir='ltr'>corpore.</span> 
     </span>
     <span class='ocr_line' id='line_1_59' title="bbox 422 5736 872 5796; baseline -0.004 -18"><span class='ocrx_word' id='word_1_792' title='bbox 422 5763 442 5792; x_wconf 90' lang='lat'>.‚</span> <span class='ocrx_word' id='word_1_793' title='bbox 460 5737 526 5796; x_wconf 85' lang='lat' dir='ltr'>pros</span> <span class='ocrx_word' id='word_1_794' title='bbox 648 5736 726 5778; x_wconf 72' lang='lat' dir='ltr'>msa</span> <span class='ocrx_word' id='word_1_795' title='bbox 757 5737 872 5794; x_wconf 72' lang='lat' dir='ltr'>ocootp</span> 
     </span>
    </p>
   </div>
   <div class='ocr_carea' id='block_1_8' title="bbox 0 0 2030 6192">
    <p class='ocr_par' dir='ltr' id='par_1_10' title="bbox 0 0 2030 6192">
     <span class='ocr_line' id='line_1_60' title="bbox 0 0 2030 6192; baseline 0 7"><span class='ocrx_word' id='word_1_796' title='bbox 0 0 2030 6192; x_wconf 95' lang='lat' dir='ltr'> </span> 
     </span>
    </p>
   </div>
  </div>
 </body>
</html>
