4038 6168
152 224 206 281 977
607 228 836 288 BERENGAUDI
855 225 1042 288 EXPOSI'I'IO
1059 229 1096 289 IN
1113 229 1366 292 APOCALYPSIN.
1749 241 1804 302 978

149 349 243 408 solum
256 349 292 407 ab
305 349 410 421 electis,
424 367 521 409 verum
543 358 571 410 et
588 369 604 410 a
623 352 747 428 reprobis
764 369 834 428 saepe
848 352 945 427 praedi·
960 354 986 414 Α
1000 353 1145 429 siginificat.
1161 357 1214 426 Qui
1228 357 1412 434 Evauqeiium
1426 367 1561 420 eternum
1587 361 1718 423 hahuisse
1732 365 1801 426 dici·

148 440 220 508 cari,
235 439 384 514 dequibus
399 441 550 499 Dominum
567 442 596 499 in
606 443 759 516 Evangelio
772 443 877 502 dixisse
891 459 949 501 cre·
1001 459 1066 521 tur;
1081 453 1147 527 quia
1166 453 1292 512 doctrine
1312 455 1457 530 Evangelii
1480 473 1497 514 a
1516 456 1639 530 Christo,
1658 459 1801 534 apostolis,

146 530 267 588 dimus:
291 531 395 589 ‹itulti
414 531 507 591 dicent
527 533 597 591 mihi
620 533 650 590 in
674 534 722 592 illa
742 533 798 605 die,
819 535 947 606 Domine,
1001 541 1398 618 caeterisquepraedicatorihus
1414 544 1479 602 data
1501 553 1551 616 ast,
1574 563 1657 621 mam
1673 549 1802 623 gentihus

144 622 278 693 Domine,
293 639 386 681 nonne
400 622 553 681 innomine
567 631 616 682 tuo
631 623 867 699 prophetavimus,
880 633 908 683 et
918 625 948 682 in
1001 631 1191 704 predicarent.
1209 633 1263 703 Qui
1276 632 1458 708 Evangelium
1474 641 1606 694 eternum
1617 637 1800 712 essedicitur,

146 714 263 772 uomina
276 721 325 771 tuo
343 714 480 772 demonia
492 715 580 772 multa
593 713 735 788 ejecimus,
750 725 777 774 et
792 716 947 774 innomine
1001 721 1065 793 quia
1079 722 1259 780 aeternitatem
1274 730 1384 796 prestat
1393 723 1524 782 omnibus
1533 725 1700 784 facientibus
1715 728 1798 788 illud.

144 811 196 860 tuo
223 804 342 861 virtutes
363 803 467 861 multas
490 803 630 862 fecimus?
651 805 687 862 Et
705 816 772 864 tunc
793 807 947 866 confitebor
1000 811 1079 880 Quod
1103 814 1187 870 etiam
1207 830 1289 888 super
1309 822 1409 872 terram
1432 815 1590 876 sedentibus
1616 819 1798 892 predicatum

143 892 222 950 illis:
249 893 338 948 Amen
366 892 429 950 dico
447 893 536 961 vobis,
562 893 655 952 uesoio
678 911 738 952 ros.
763 895 901 953 Discedite
930 912 947 953 a
999 915 1058 956 esse
1077 901 1197 972 dieitur,
1218 912 1312 977 gentes
1335 920 1453 978 namque
1484 905 1585 980 quihus
1611 908 1797 984 Evangelium

143 996 202 1050 me,
215 997 312 1039 omnes
321 981 437 1055 operarii
446 980 602 1056 iniquitatis
613 984 720 1057 (ιιαιιι.
733 1003 783 1056 ιιι,
797 986 842 1056 22,
854 985 913 1058 23).
928 1011 937 1037 ·
998 990 1177 1062 predicatum
1188 1001 1239 1063 est,
1251 994 1407 1052 nihilaliud
1416 1011 1499 1070 quam
1507 1004 1609 1055 terram
1624 1000 1796 1074 querebant,

140 1074 183 1130 De
197 1071 302 1130 talibus
316 1073 399 1128 etiam
413 1073 662 1147 Paulusapostolns
673 1075 807 1149 loquitur,
822 1075 918 1134 diceus
933 1095 940 1134 ε
998 1083 1137 1153 memque
1150 1123 1153 1132 .
1164 1082 1287 1156 requiem
1302 1100 1381 1140 suam
1398 1083 1429 1140 in
1452 1092 1524 1143 terra
1545 1096 1704 1159 posuerant.
1720 1091 1795 1162 Quid

148 1163 247 1219 «Sunt
261 1161 309 1236 qui
328 1179 378 1236 per
387 1163 592 1221 contentionem
608 1164 749 1224 Christum
763 1167 940 1237 annuntiant,
996 1179 1087 1228 autem
1102 1173 1154 1229 iste
1167 1175 1280 1247 angelus
1293 1174 1433 1248 predicet,
1449 1177 1605 1236 audiamus.

139 1269 199 1310 non
219 1253 346 1323 sincere,
371 1255 561 1312 existimantes
580 1272 610 1313 sc
630 1271 785 1330 pressuram
809 1259 941 1317 suscitare
1033 1269 1124 1341 (Veis.
1140 1270 1179 1344 7.)
1200 1271 1295 1328 Timete
1304 1273 1459 1344 Dominum,
1473 1281 1498 1331 st
1517 1275 1577 1332 dote
1590 1274 1634 1333 ilii
1651 1277 1776 1336 honorem
1782 1296 1793 1347 ;

139 1343 264 1401 Vi¹¹⁰¹¹¹i⁸
285 1344 353 1400 ¹⁰⁰5ss
382 1344 513 1417 (Philipp.
537 1363 557 1416 ¹2
587 1347 676 1420 l7)·‘
707 1347 736 1404 Si
759 1347 822 1421 (1¹¹is
849 1355 940 1406 31110111
994 1358 1224 1430 ᾳιιιαυιιιιιιιοια
1240 1361 1339 1432 judicii
1365 1363 1422 1434 ejas
1449 1371 1474 1422 st
1492 1365 1603 1423 odorato
1618 1383 1677 1424 eam
1692 1367 1739 1440 qui
1753 1367 1770 1439 1
1782 1399 1793 1412 -

137 1433 241 1490 seriem
263 1433 391 1490 lectionis
414 1433 499 1506 hujus
521 1435 555 1492 ad
574 1437 717 1509 proesentis
730 1437 863 1512 temporis
876 1437 941 1494 vir-
993 1448 1130 1505 siccatum
1144 1455 1168 1507 ea
1180 1457 1290 1520 errem,
1313 1470 1387 1510 mar,
1405 1461 1430 1511 θ)
1450 1454 1536 1526 pom,
1555 1473 1698 1528 macrum.
1720 1456 1792 1516 0011.

136 1527 217 1600 qines
245 1525 383 1599 pertinere
411 1527 552 1598 sanxerit,
580 1529 614 1586 ad
641 1545 688 1586 eos
713 1529 844 1589 videlicet
872 1546 940 1604 quos
994 1537 1137 1595 venienter
1152 1540 1279 1598 timorem
1293 1543 1407 1599 Domini
1429 1544 1519 1616 primo
1534 1546 1637 1618 posuit,
1656 1554 1684 1604 et
1697 1555 1791 1620 postea

135 1633 218 1674 amor
251 1616 303 1674 Dei
336 1617 370 1675 ad
407 1616 574 1691 integritatis
600 1619 772 1690 custodiam,
801 1620 940 1695 adjunctis
993 1625 1128 1684 honorem
1141 1647 1149 1696 ;
1162 1629 1248 1687 timor
1270 1631 1373 1689 etenim
1395 1632 1508 1690 Domini
1531 1634 1566 1692 ad
1596 1636 1789 1710 penitentiam

135 1707 245 1766 ceteris
266 1707 348 1765 honis
369 1707 508 1781 operibus,
532 1709 655 1783 quotidie
679 1710 815 1784 impellit,
840 1731 937 1772 sanum
954 1720 978 1782 Β
994 1717 1114 1791 impellit
1124 1717 1285 1777 hominem:
1301 1720 1465 1794 penitense
1479 1739 1545 1782 vero
1561 1723 1596 1782 ad
1618 1725 1692 1784 hona
1707 1743 1791 1801 opera

135 1797 209 1855 mihi
225 1799 255 1855 ιιι
269 1797 443 1857 hocvidstur
456 1799 736 1873 possideresensnm:
752 1800 799 1859 sed
814 1805 937 1862 animad·
991 1811 1097 1882 agenda
1111 1825 1175 1868 eum
1195 1818 1337 1884 provocat.
1363 1811 1502 1869 Honorem
1525 1812 1619 1888 itaque
1635 1816 1693 1873 Deo
1710 1815 1791 1875 deie-

133 1895 243 1945 vartere
266 1887 348 1947 debet
368 1905 425 1946 non
447 1904 526 1962 posse
540 1887 607 1946 huic
619 1889 713 1946 sensui
726 1893 886 1962 convenire,
903 1903 935 1952 ut
990 1896 1091 1968 rimus,
1106 1915 1171 1957 cum
1181 1900 1346 1973 honaopera
1363 1899 1481 1972 agimus,
1496 1900 1569 1959 sicut
1581 1901 1641 1976 ipse
1653 1903 1790 1962 Dominus

134 2003 185 2060 per
198 1988 337 2045 canticum
351 2003 456 2045 nouum
472 1989 501 2044 in
516 1987 569 2046 hoc
584 1988 645 2046 loco
656 1989 840 2065 Euangelinm
855 1993 936 2050 intel·
990 1985 1077 2045 dicit:
1100 1988 1245 2049 «Videant
1266 2005 1349 2064 opera
1366 1998 1458 2048 vestra
1477 1989 1560 2062 boue,
1584 1999 1612 2050 et
1634 1992 1791 2067 glorificent

131 2076 218 2150 ligat3
241 2077 289 2135 sed
304 2078 397 2151 potius
420 2076 551 2152 gaudium
572 2078 715 2151 spiritale,
740 2080 815 2155 quod
837 2079 877 2138 eis
900 2099 936 2139 ex
990 2078 1097 2137 Patrem
1112 2087 1235 2138 vestrum
1252 2081 1299 2155 qui
1314 2080 1344 2137 in
1365 2082 1669 2156 coaltercantur,
1693 2084 1750 2158 16).
1772 2111 1783 2137 s

130 2166 260 2226 custodia
280 2166 450 2241 virginitatis
474 2169 616 2226 accrescit.
641 2171 740 2228 Nullus
763 2171 850 2245 igitur
871 2189 935 2230 can·
990 2169 1138 2227 iloravero
1152 2170 1251 2244 judicii
1265 2188 1302 2230 ex
1315 2180 1383 2231 tnnc
1400 2172 1525 2245 incepit,
1543 2189 1579 2230 ex
1593 2189 1649 2247 quo
1663 2175 1788 2249 Evange-

130 2257 220 2316 ticum
248 2275 354 2316 uovum
383 2260 474 2317 dicere
502 2267 602 2334 potest,
622 2261 676 2318 nisi
703 2260 746 2318 illi
774 2263 846 2332 soli;
869 2265 934 2337 quia
989 2259 1057 2315 lium
1067 2247 1216 2332 pradicaii
1231 2261 1324 2335 clepit.
1337 2261 1382 2319 Illi
1397 2261 1594 2335 igituracriter
1607 2263 1637 2320 in
1652 2262 1783 2338 diejndi·

129 2351 264 2425 gandium
285 2351 454 2425 uirginitatis
477 2352 572 2409 nullus
599 2351 700 2409 hahere
720 2354 861 2426 prevalet,
878 2355 932 2411 nisi
987 2349 1025 2406 cii
1036 2347 1247 2422 judicabuntur,
1264 2351 1312 2425 qui
1331 2351 1447 2409 verbum
1470 2351 1616 2426 Evangelii
1629 2353 1784 2426 audientes,

128 2439 185 2498 soli
208 2440 257 2514 qui
281 2439 353 2498 hauc
373 2441 480 2499 ceteris
502 2440 584 2498 honis
611 2441 740 2515 operibus
767 2451 931 2501 axomatam
987 2437 1112 2513 illudque
1122 2449 1293 2513 spernentes,
1314 2439 1396 2498 fidem
1418 2440 1522 2502 Christi
1537 2443 1676 2517 suscipere
1690 2444 1784 2502 uolue-

128 2531 256 2603 quotidie
269 2533 326 2588 Deo
342 2531 440 2588 offerre
465 2538 660 2589 consuescunt.
687 2531 823 2589 Similiter
836 2540 865 2590 et
882 2533 932 2608 qni
986 2536 1061 2586 runt.
1078 2530 1212 2587 Similiter
1224 2529 1302 2588 etilli
1317 2531 1365 2604 qui
1379 2539 1559 2605 susceperuut
1572 2531 1683 2604 quidem
1698 2531 1783 2590 iidem

127 2618 203 2677 hauc
218 2620 383 2677 sententiam
398 2621 438 2677 eis
452 2629 545 2692 aptare
560 2618 692 2689 voluerit,
709 2621 832 2694 quicum
847 2622 930 2696 virgi·
986 2615 1102 2688 Christi,
1124 2617 1171 2675 sed
1198 2635 1258 2675 eam
1278 2619 1407 2691 operibus
1421 2616 1536 2692 implere
1554 2619 1719 2689 noluerunt;
1735 2621 1782 2678 cni

127 2709 227 2766 uitatis
246 2709 336 2782 palma
359 2709 394 2766 ad
412 2709 533 2766 celestia
560 2724 643 2782 regna
665 2709 724 2782 jam
748 2711 930 2770 conscendere
985 2705 1060 2762 enim
1073 2705 1135 2778 plus
1145 2705 1339 2775 committitur,
1351 2707 1414 2780 plus
1428 2706 1462 2763 ab
1473 2720 1506 2763 eo
1521 2705 1656 2779 exigetur.
1670 2707 1710 2765 De
1724 2706 1783 2766 illis

126 2805 302 2868 meruerunt,
329 2815 345 2856 a
371 2806 445 2856 recto
469 2797 618 2857 intellectu
634 2815 691 2857 non
705 2798 842 2874 discrepat
857 2823 864 2872 ;
881 2803 928 2859 sed
984 2801 1075 2851 tutem
1091 2795 1139 2870 qui
1154 2793 1270 2852 verbum
1297 2795 1348 2853 Dei
1377 2811 1434 2852 11011
1458 2794 1617 2865 audierunt,
1644 2795 1782 2855 Dominus

125 2889 198 2948 sciat
225 2906 283 2947 nou
308 2890 458 2948 convenire
480 2889 546 2950 huic
571 2890 675 2959 sensui,
698 2899 729 2948 ut
753 2907 802 2964 per
824 2907 928 2949 novum
983 2884 1052 2942 dicit
1066 2883 1095 2941 in
1109 2885 1279 2959 Evangelio:
1298 2883 1376 2955 «Qui
1389 2900 1446 2943 11011
1455 2883 1554 2954 erodii,
1567 2883 1627 2960 itm
1639 2884 1781 2960 iudicabis

125 2981 280 3050 canticum,
309 2980 422 3056 aliquod
448 2981 588 3040 canticum
618 2981 692 3054 quod
718 2995 796 3050 voce,
823 2981 926 3055 lingua,
982 2982 1023 3034 est
1039 2974 1130 3048 (loon.
1146 2992 1189 3045 ιιι,
1204 2974 1292 3049 18).»

125 3069 212 3127 labiis
228 3071 358 3143 componi
375 3079 472 3144 potest,
497 3070 656 3145 intelligat:
675 3069 723 3128 sed
741 3069 966 3146 potiuerim-0
1016 3074 1111 3146 (Vere.
1124 3074 1165 3149 8.)
1192 3077 1231 3133 Et
1257 3075 1368 3132 adorate
1390 3091 1459 3146 mm,
1482 3073 1529 3148 qni
1552 3075 1615 3147 [scit
1638 3078 1730 3135 celem
1757 3085 1783 3136 et

125 3161 225 3218 nitatis
239 3162 396 3235 premium,
415 3161 489 3236 quod
510 3179 526 3218 a
547 3161 667 3218 Domino
681 3160 846 3218 eternaliter
860 3178 927 3235 per·
984 3169 1093 3234 terram
1106 3171 1132 3220 et
1145 3181 1219 3222 more
1230 3171 1254 3222 et
1263 3164 1348 3236 foetes
1361 3181 1507 3238 squamam,
1520 3163 1550 3222 id
1564 3174 1617 3236 est,
1631 3165 1781 3242 relinquite

124 3250 219 3326 cipere
235 3260 384 3309 merentur.
401 3253 513 3324 Hocque
527 3249 666 3308 cauticum
683 3250 786 3320 nullus,
810 3250 865 3308 nisi
884 3252 927 3309 illi
982 3253 1056 3310 idola
1070 3253 1163 3323 surda,
1183 3262 1270 3324 muta,
1297 3262 1324 3312 et
1336 3267 1426 3325 'ceca
1447 3262 1474 3312 ct
1498 3253 1611 3312 adorate
1638 3271 1702 3312 eum
1731 3256 1780 3329 qui

124 3343 192 3412 soli,
211 3342 302 3401 dicere
320 3350 409 3417 potest
420 3361 428 3412 ;
440 3343 505 3417 quia
518 3342 686 3416 virginitatis
699 3343 844 3416 premium
859 3344 927 3400 nul·
981 3349 1080 3400 cuneta
1094 3341 1160 3400 iecit
1179 3359 1214 3399 ex
1233 3342 1333 3400 nihilo.
1357 3345 1395 3400 Ει
1417 3343 1489 3400 clius
1501 3344 1610 3416 ecqelca
1621 3350 1777 3416 peremtus

124 3433 170 3490 lus
186 3433 314 3507 percipit,
330 3433 383 3490 uisi
399 3433 447 3508 qui
470 3433 542 3490 banc
565 3432 595 3493 in
614 3435 715 3492 seculo
739 3433 834 3508 positi,
850 3434 927 3491 inte-
980 3440 1028 3504 est,
1051 3433 1147 3492 dioec.
1177 3432 1258 3490 Alius
1287 3433 1399 3507 angelus
1414 3431 1540 3490 doctores
1560 3433 1702 3504 Ecclesiae,
1716 3434 1777 3508 qui,

123 3531 234 3582 merata
255 3531 346 3580 mente
369 3539 419 3597 pro
443 3521 548 3581 Christi
571 3539 663 3580 amore
684 3539 793 3582 servare
816 3524 926 3581 studue·
980 3523 1068 3582 linitis
1082 3520 1329 3597 persecutionibus,
1352 3522 1506 3580 Ecclesiam
1527 3521 1579 3580 Dei
1602 3523 1778 3597 gubernave-

123 3613 194 3670 rint.
213 3613 254 3670 De
274 3613 377 3671 talibus
400 3611 533 3687 propheta
554 3613 637 3671 isaias
661 3613 793 3688 loquitur,
807 3612 924 3671 dicens:
980 3622 1057 3680 runt,
1071 3611 1204 3686 designat.
1229 3611 1337 3682 Cecidit,
1359 3612 1451 3668 cecidit
1468 3612 1590 3685 Babylon
1602 3629 1710 3686 mono.
1725 3613 1778 3671 Per

129 3725 140 3752 ι
160 3703 228 3761 Haec
243 3702 312 3761 dicit
330 3703 466 3760 Dominus
485 3703 643 3761 eunuchis:
669 3702 723 3773 Qut
746 3703 927 3762 custodierint
980 3703 1164 3777 Babylonem,
1189 3701 1262 3762 sicut
1277 3702 1403 3775 superius
1411 3700 1547 3772 diximus,
1559 3701 1659 3761 civitas
1672 3701 1778 3760 diaboli

121 3792 241 3850 sabbata
262 3808 333 3862 mea,
349 3798 378 3848 et
400 3792 532 3866 elegerint
546 3809 607 3868 qne
627 3793 714 3863 volui,
739 3803 767 3852 et
788 3791 927 3852 tenuerint
979 3793 1151 3866 designatur,
1161 3809 1221 3868 quas
1236 3809 1272 3850 ex
1282 3792 1411 3850 omnibus
1425 3791 1519 3865 impiis
1534 3799 1651 3851 constat.
1667 3791 1778 3853 Cecide-

121 3881 218 3940 imdus
238 3897 342 3952 meum,
363 3881 434 3940 daho
459 3883 499 3941 eis
522 3885 551 3940 iu
566 3883 649 3941 domo
663 3899 735 3954 mea,
755 3891 783 3940 et
795 3883 824 3939 in
839 3881 926 3938 muris
980 3892 1022 3941 rat
1035 3891 1139 3953 autem,
1155 3883 1220 3957 quia
1234 3883 1325 3940 omnis
1338 3882 1617 3942 culturadeamouum
1631 3899 1680 3957 per
1693 3883 1777 3942 iidem

121 3973 195 4030 meis
208 3973 320 4042 locum,
341 3982 369 4031 et
383 3989 485 4031 nomen
501 3973 607 4053 melius
629 3991 645 4031 a
667 3973 734 4031 filiis
756 3981 783 4030 et
804 3971 923 4040 filiabus,
980 3971 1083 4031 Christi
1097 3972 1187 4030 deleta
1200 3972 1300 4031 iuerat.
1315 3973 1352 4030 Ει
1366 3971 1410 4030 his
1422 3971 1554 4032 cecidisse
1573 3971 1676 4029 dicitur
1685 3989 1693 4040 ;
1710 3971 1777 4045 quia

122 4081 231 4124 nomeu
256 4063 457 4139 sempiternum
478 4066 549 4125 daho
570 4065 620 4138 eis,
647 4065 721 4140 quod
745 4079 802 4122 nou
825 4061 926 4138 peribit
979 4069 1104 4136 esparte
1117 4069 1336 4135 persecutorum,
1352 4068 1380 4118 et
1402 4077 1437 4118 ex
1452 4069 1528 4134 parte
1542 4060 1658 4118 culture
1671 4057 1775 4116 diabo-

119 4157 195 4230 (lsu.
208 4175 267 4226 evi,
283 4157 311 4230 1,
326 4158 394 4232 dl.»
980 4151 1040 4209 lice
1064 4150 1210 4210 ceciderat.
1241 4153 1304 4220 Qae
1326 4169 1344 4208 c
1371 4151 1432 4207 cioo
1445 4150 1494 4208 ire
1506 4166 1562 4206 sce
1571 4147 1775 4222 poturitomncs

156 4246 257 4320 (Vera.
272 4246 314 4321 6.)
329 4249 368 4307 Et
385 4248 442 4306 cidi
464 4247 580 4304 cleram
594 4247 716 4319 eupolum
735 4247 867 4303 voluntem
875 4261 925 4318 prr
978 4247 1072 4313 omer.
1095 4240 1200 4301 Vinum
1220 4240 1268 4296 ιιι
1284 4254 1390 4296 errores
1412 4246 1477 4296 sunt
1497 4237 1654 4313 gentilium,
1673 4239 1775 4314 quihus

115 4336 244 4398 medicat
262 4338 367 4408 cetum,
391 4338 525 4394 hchmtem
546 4335 723 4408 Ecceqeticm
737 4342 880 4401 eternam
896 4339 926 4390 et
978 4330 1066 4387 Deum
1078 4330 1113 4388 ad
1132 4330 1306 4388 iracundiam
1319 4336 1539 4402 provocaverunt
1554 4344 1560 4385 :
1576 4326 1625 4385 sed
1638 4344 1703 4386 cum
1717 4329 1776 4387 Da-

113 4429 321 4503 aeccrtqelisoret
345 4429 491 4487 acdestides
508 4446 588 4504 super
611 4435 720 4498 ιιιιιιη,
736 4433 761 4484 ct
779 4443 858 4500 super
871 4442 925 4484 om-
977 4421 1064 4496 bylon
1087 4422 1160 4479 nihil
1184 4423 1221 4481 sit
1246 4421 1322 4480 aliud
1340 4436 1423 4494 quam
1447 4435 1542 4478 omnes
1560 4427 1665 4494 qenes,
1691 4419 1778 4479 idest

116 4537 184 4578 stem
214 4525 325 4593 motem,
353 4525 378 4576 et
407 4521 515 4590 tribum,
542 4526 567 4576 et
586 4520 718 4592 linquam,
739 4524 763 4574 et
783 4519 924 4590 populum,
938 4491 962 4551 D
978 4527 1074 4570 omues
1093 4511 1214 4586 reprobi,
1233 4511 1371 4587 quomodo
1386 4524 1482 4568 omues
1504 4517 1627 4582 geutesa
1646 4509 1714 4568 vino
1727 4511 1777 4570 ire

116 4611 256 4668 diceetm
289 4625 348 4665 core
379 4625 486 4680 scopu.
520 4611 622 4667 itemm
647 4608 783 4666 universa
803 4606 925 4664 breviter
978 4617 1034 4658 suae
1049 4600 1296 4674 potavittVerum
1311 4617 1375 4660 cum
1401 4615 1475 4657 unus
1497 4598 1614 4656 alterum
1629 4598 1736 4671 docuit,
1750 4607 1778 4658 et

113 4699 366 4774 mmprehendit3
394 4716 459 4758 nam
487 4701 559 4760 sicut
591 4702 718 4774 superius
756 4716 819 4757 oum
852 4699 925 4756 mala
978 4691 1027 4748 ille
1052 4691 1177 4762 ionium,
1200 4701 1228 4750 et
1248 4691 1345 4749 18111118
1368 4698 1508 4765 quartum,
1530 4696 1558 4746 ei
1580 4688 1663 4746 118111
1680 4704 1777 4747 omnes

113 4789 294 4850 Antichristi
316 4805 428 4846 narrare
445 4791 540 4862 vellet,
557 4791 590 4848 oh
609 4793 730 4850 adventu
755 4791 857 4851 Christi
874 4791 924 4848 in-
979 4780 1107 4838 h0ffliss0⁸
1122 4797 1199 4838 61101·
1222 4778 1376 4838 dl³b⁰li01¹³
1399 4777 1776 4854 113118111,111111831111011

114 4879 252 4948 occavit,
267 4878 524 4954 persecutionesque
543 4897 610 4954 quas
632 4879 756 4939 setosis
779 4898 794 4938 a
813 4880 924 4939 dimoto
978 4887 1074 4929 omnes
1092 4881 1185 4946 sentes
1199 4871 1265 4928 vino
1280 4871 1328 4928 tre
1342 4871 1394 4929 nei
1407 4870 1526 4946 potavit.

114 4985 205 5046 passa
218 4975 271 5039 est,
287 4969 363 5042 prius
377 4985 492 5026 nameus
506 4969 540 5026 ad
554 4969 757 5028 antichristum
771 4971 922 5045 pervenit:
1015 4970 1106 5044 (Vers.
1130 4971 1156 5040 9,
1174 4969 1230 5044 to.)
1245 4972 1283 5028 Et
1295 4971 1404 5042 capetus
1423 4969 1517 5027 tertius
1532 4975 1634 5028 secutus
1653 4975 1691 5027 est
1705 4969 1775 5035 ilica,

111 5063 160 5121 ita
176 5067 205 5118 ct
219 5059 267 5118 hio
281 5059 355 5118 diem
374 5061 477 5135 judicii
500 5059 653 5120 describere
673 5062 802 5134 cupiens,
829 5062 863 5119 ab
878 5061 924 5118 ad·
976 5060 1065 5117 diserta
1086 5077 1145 5118 occe
1163 5077 1278 5134 mcqttc:
1308 5059 1337 5118 Si
1363 5059 1424 5132 quis
1449 5059 1778 5117 meretricationis

111 5157 213 5210 ventu
228 5149 333 5209 Christi
348 5151 472 5219 inchoat,
494 5159 576 5226 atque
597 5153 647 5209 suh
674 5151 764 5225 specie
779 5151 864 5209 trium
877 5169 924 5210 an·
977 5153 1118 5227 imoqirtsm
1144 5152 1211 5224 ejas,
1241 5157 1266 5208 st
1299 5152 1429 5226 cromerit
1457 5153 1635 5210 characterem
1659 5147 1717 5218 siaa
1746 5146 1775 5202 ira

110 5241 253 5317 gelorum
277 5249 377 5300 cuncta
404 5247 478 5306 555
499 5241 620 5299 breviter
639 5239 774 5314 replicans
793 5241 865 5316 (31),
889 5243 924 5302 sd
977 5243 1204 5316 frontoseque
1226 5242 1256 5300 ira
1278 5257 1444 5310 monerem
1462 5247 1487 5299 ct
1506 5239 1549 5297 hic
1569 5239 1638 5297 bibet
1663 5237 1694 5293 da
1713 5235 1776 5291 ricc

110 5343 198 5402 diem
213 5341 316 5417 judicii
330 5341 533 5418 pervenitiste
546 5341 646 5416 quippe
662 5341 923 5416 angelusChristum
979 5335 1029 5394 ire
1039 5336 1101 5407 Dei,
1116 5334 1187 5408 quod
1200 5332 1315 5392 mietnm
1326 5339 1365 5391 ert
1385 5348 1456 5390 ctcro
1476 5329 1506 5387 ia
1518 5323 1704 5399 mttetpsiea.
1719 5324 1776 5381 Λιι-

110 5445 150 5495 et
179 5435 322 5512 apostolos
343 5435 414 5511 ejus,
434 5443 600 5510 ceterosque
614 5431 717 5492 Christi
732 5431 924 5506 predicatores
979 5425 1056 5502 gelus
1083 5425 1182 5486 tertius
1208 5423 1401 5500 praedicatores
1432 5425 1507 5490 aunt,
1534 5415 1584 5491 qui
1606 5411 1778 5490 temporibus

161 5625 222 5702 (si)
246 5627 287 5685 lta
306 5643 392 5699 mss.;
408 5625 475 5686 edit.
493 5641 569 5696 raro,
584 5631 677 5684 cuncto
696 5623 922 5699 wmpreheadenc.
