4122 6192
152 204 186 264 aa
634 181 635 186 '
709 207 890 268 connnnr.
911 211 947 270 nt
965 211 1075 270 uersu.
1095 211 1144 270 no
1164 213 1248 272 non.
1771 223 1806 283 aa

153 335 237 388 morte
251 329 338 386 teneri
352 343 410 386 non
426 330 573 402 possimus.
591 329 720 389 Passione
732 333 807 390 enim
821 333 994 403 salvato-A
1047 346 1139 419 (Vera.
1152 338 1192 410 5.)
1215 361 1225 385 ⁸
1238 341 1304 414 Spes
1316 351 1475 401 autemnon
1493 344 1650 415 confundit,
1663 345 1728 418 quia
1742 344 1805 403 0112.

151 420 187 476 ris
200 420 273 476 victa
286 435 372 488 mors,
398 435 459 492 que
477 419 554 493 prius
568 437 651 480 eausa
665 424 768 496 peccati
781 424 949 484 dominaba-

150 519 203 582 tur,
215 508 383 582 justificatos
396 511 433 567 ab
443 527 476 568 ao
492 511 611 569 retinere
623 529 680 570 non
694 514 787 572 audet.
832 589 838 595 .

465 726 581 786 CAPUT
601 729 636 786 V.

183 913 275 985 (Vera.
295 912 335 982 f.)
363 935 373 959 ι
392 910 538 968 iustificati
554 911 689 983 igiturex
704 911 768 983 fide,
783 929 876 985 paoem
894 914 949 970 ba-

148 1003 261 1060 beamus
284 1001 320 1057 ad
341 1003 429 1058 ὓειιιιι
455 1018 506 1074 per
530 1001 680 1060 Dominum
705 1010 830 1059 nostrum
855 1003 947 1059 lesum

149 1091 327 1152 Christum.»
347 1092 444 1148 Pacem
459 1107 523 1148 curn
539 1093 597 1148 Deo
613 1090 880 1160 baberestdesfacit,
892 1107 949 1148 nou

150 1183 195 1240 lex
210 1202 218 1251 ;
234 1183 294 1240 hae
307 1182 380 1237 enim
396 1197 448 1237 nos
462 1183 519 1238 Deo
534 1183 704 1251 reconciliat,
717 1181 834 1239 sublatis
848 1197 949 1253 pecea-

148 1273 193 1342 tis,
210 1287 336 1344 quatuos
351 1272 408 1327 Deo
423 1271 545 1327 fecerant
559 1257 698 1328 inimicos.
719 1273 755 1328 Et
769 1272 834 1346 quia
848 1272 949 1329 Domi-

147 1387 197 1427 nus
211 1370 290 1427 lesus
303 1368 387 1442 hujus
398 1371 492 1443 gratia
501 1369 628 1428 minister
641 1381 691 1439 εει,
708 1386 757 1443 ρει
770 1370 859 1443 ipsum
876 1370 949 1443 paci·

146 1461 217 1518 beati
232 1478 330 1518 sumus
343 1462 420 1518 Deo:
445 1459 535 1530 major
549 1461 623 1516 enirn
639 1459 717 1529 fides,
729 1477 811 1533 quam
827 1460 872 1516 lex
886 1469 945 1524 est;

146 1549 189 1606 lex
199 1550 275 1606 enirn
288 1556 383 1606 nostra
397 1567 479 1608 cansa
494 1557 546 1616 est,
562 1548 630 1606 fides
645 1550 696 1606 Dei
709 1567 715 1605 :
733 1559 760 1607 ει
774 1550 819 1606 lex
833 1550 868 1607 ad
880 1566 947 1623 prae·

145 1647 248 1696 sentem
263 1637 442 1713 disciplinam
456 1638 585 1711 pertinet,
611 1637 678 1694 fides
697 1654 763 1694 vero
781 1638 945 1696 adsalutem

145 1737 314 1804 perpetuam.
331 1728 383 1786 Sed
406 1729 454 1803 qni
478 1729 511 1786 de
533 1727 644 1785 Christo
668 1745 723 1784 non
743 1728 782 1784 ita
801 1728 894 1797 sentit,
914 1736 946 1785 ut

147 1821 239 1888 debet,
262 1819 296 1875 ad
310 1819 373 1876 fidei
390 1819 503 1891 pramia
526 1835 582 1876 non
595 1819 696 1892 poterit
710 1817 864 1892 pervenire,
880 1834 945 1891 quia

147 1909 213 1966 fidei
228 1925 283 1966 non
298 1914 371 1966 tenet
385 1908 541 1965 veritatem.

182 2017 275 2092 (vers.
291 2018 332 2090 2.)
356 2042 365 2065 ‹
383 2017 434 2074 Per
448 2033 529 2090 quem
544 2025 573 2073 et
590 2019 730 2074 aceessum
745 2015 879 2073 babemus
897 2031 945 2088 per

145 2107 227 2165 fidem
248 2107 278 2163 in
299 2107 415 2181 gratiam
430 2107 513 2164 istam
534 2107 563 2163 in
586 2123 640 2181 qua
655 2115 770 2174 sumus,
793 2113 821 2163 et
839 2106 945 2180 gloria-

144 2213 207 2254 ntur
222 2197 251 2253 in
266 2211 314 2269 spe
337 2195 431 2270 gloria
446 2195 568 2254 filiorum
591 2197 651 2254 Dei.
678 2221 687 2245 ·
714 2195 889 2253 Manifestum
905 2203 946 2252 est

143 2303 190 2358 per
213 2285 357 2344 Christum
379 2302 430 2343 nos
452 2285 558 2342 aditum
582 2283 683 2342 habere
698 2286 732 2341 ad
748 2286 862 2358 gratiam
876 2287 943 2354 Dei;

145 2373 202 2447 ipse
217 2376 294 2431 enim
315 2382 356 2432 εει
369 2374 472 2432 arbiter
488 2375 537 2431 Dei
552 2384 580 2432 ει
595 2374 752 2444 hominum,
768 2375 815 2448 qui
831 2391 880 2431 nos
894 2373 946 2430 do-

142 2465 236 2521 ctrina
250 2481 299 2520 sua
319 2463 438 2538 erigens,
452 2481 561 2536 sperare
574 2463 641 2521 fecit
654 2463 759 2520 donum
774 2463 868 2536 gratim
884 2464 946 2531 Dei,

143 2561 248 2610 stantes
264 2553 292 2608 in
315 2553 369 2610 lide
390 2552 459 2625 ejus.
476 2552 541 2609 ldeo
555 2561 669 2622 stantes,
694 2552 759 2626 quia
771 2551 848 2624 prius
859 2551 947 2625 jacui·

143 2659 222 2700 nius:
253 2641 397 2700 eredentes
418 2651 508 2699 autern
525 2643 608 2700 erecti
623 2659 729 2712 sumus,
756 2642 904 2716 gloriantes
919 2641 948 2699 in

142 2749 188 2808 spe
206 2734 352 2804 claritatis,
364 2751 445 2808 quam
460 2734 588 2806 promisit
602 2736 676 2792 Deus
689 2735 780 2792 nobis.

177 2842 274 2915 (Vera.
289 2841 329 2915 3,)
355 2843 440 2900 ιΝοιι
456 2844 546 2900 solum
563 2850 662 2912 nutem,
681 2840 729 2899 sed
748 2849 775 2898 et
798 2841 949 2916 gloriamur

144 2935 171 2992 in
186 2933 418 2992 tribulationibus
433 2935 546 2992 nostris.
569 2960 578 2984 ι
606 2935 743 3004 Quoniam
767 2949 815 3006 per
834 2934 949 2991 tribula·

144 3027 237 3084 tiones
251 3034 358 3099 oportet
372 3043 422 3084 nos
438 3026 541 3084 intrare
554 3026 583 3082 in
602 3042 716 3099 regnum
730 3025 780 3083 Dei
797 3026 870 3098 (Aet.
888 3043 937 3082 xrv

141 3382 221 3440 hibet
235 3383 271 3440 ad
283 3399 423 3440 coronam.
440 3384 518 3441 Unde
531 3384 668 3441 Dominus
682 3383 722 3440 ait
737 3399 743 3438 :
773 3407 783 3430 ‹
798 3383 874 3439 Beati
889 3400 948 3439 en-

140 3475 187 3542 tis,
214 3491 279 3530 curn
293 3492 343 3532 vos
358 3483 566 3550 persequentur,
590 3481 618 3530 et
638 3473 733 3531 dicent
746 3489 828 3530 omne
844 3473 946 3530 malum

139 3566 289 3622 adversum
313 3581 363 3624 vos
389 3575 501 3638 propter
518 3564 657 3638 justitiam
681 3563 741 3619 liei.
771 3562 894 3620 Gaudete
920 3570 948 3620 ει

138 3656 302 3712 exsultate:
323 3671 386 3712 eece
408 3655 481 3711 enim
504 3654 614 3728 eopiosa
632 3662 674 3710 est
688 3667 792 3710 meroes
810 3660 902 3709 vestra
916 3652 946 3709 in

137 3747 211 3803 culo
227 3746 335 3812 (Metti.
351 3763 380 3815 v,
395 3744 439 3814 ll,
457 3744 514 3817 ta).
532 3771 541 3795 ι
569 3743 751 3802 Contemnere
775 3743 849 3800 enim
871 3759 946 3816 pra-

137 3834 241 3903 sentia,
270 3843 298 3891 et
318 3851 379 3908 que
399 3834 602 3892 oblectamento
624 3841 700 3902 sunt,
720 3841 749 3889 ει
774 3833 803 3888 in
818 3847 946 3906 pressura

137 3941 195 3981 uon
219 3923 317 3982 cedere
344 3941 393 3999 spe
417 3925 575 3982 futurorum
602 3924 693 3996 magni
709 3922 801 3980 meriti
817 3932 857 3980 εει
871 3921 944 3996 apud

136 4013 239 4070 Deum.
264 4012 384 4088 Ideoque
398 4015 427 4071 in
443 4013 671 4072 tribulationibus
693 4011 867 4086 gloriandum
882 4017 941 4068 est:

135 4101 207 4174 quia
221 4108 298 4158 tanto
313 4105 376 4175 plus
389 4111 564 4176 accepturum
580 4119 609 4160 se
622 4100 721 4171 eredit,
735 4108 839 4175 quanto
856 4099 884 4156 in
894 4099 943 4156 tri·

134 4187 284 4248 bulatione
297 4207 326 4246 se
341 4191 444 4250 viderit
458 4192 612 4249 fortiorem.

177 4321 187 4346 ι
208 4296 331 4356 Scientes
341 4297 415 4373 quod
433 4297 578 4355 tribulatio
593 4297 753 4370 patientiam
768 4305 908 4370 operatur.
925 4320 935 4344 ·

133 4389 195 4446 lloc
213 4393 257 4442 εει
274 4388 483 4448 tribulationem
506 4387 669 4462 patientiam
683 4387 801 4459 operari,
815 4387 838 4443 si
853 4386 940 4443 tribu-

133 4477 208 4534 latio
224 4475 285 4547 ipsa
295 4485 399 4536 motum
414 4495 469 4537 non
485 4479 608 4552 patiatur
622 4474 793 4532 infirmitatis
807 4474 942 4532 autdubi·

135 4565 269 4624 tationis.

172 4671 272 4746 (Vera.
286 4670 328 4743 l.)
351 4695 360 4720 ι
376 4673 510 4732 Patientia
523 4681 615 4731 autem
630 4673 830 4748 probationem.
848 4699 856 4722 ι
877 4674 941 4731 bla-

132 4762 271 4820 nifestum
294 4768 337 4818 est
358 4761 423 4836 qnia
446 4763 589 4835 patientia,
610 4763 633 4820 si
648 4763 712 4821 talis
732 4762 817 4822 fuerit
831 4763 940 4836 qualem

132 4849 273 4920 diximus,
288 4850 370 4908 firma
385 4850 526 4910 videbitur
535 4851 671 4926 probatio.

178 4958 337 5016 «Probatio
351 4965 444 5016 autem
458 4975 542 5033 spem.
560 4986 570 5010 ι
599 4961 666 5036 Spes
679 4961 708 5019 in
725 4977 757 5020 eo
773 4961 820 5036 qni
836 4958 941 5034 proba·

1003 436 1074 494 ritas
1096 437 1146 493 Dei
1161 434 1262 492 diffusa
1282 443 1325 492 est
1348 436 1378 491 in
1395 435 1526 492 cordibus
1542 436 1644 492 nostris
1658 452 1707 508 per
1720 435 1805 508 Spiri-

1002 533 1063 583 tum
1078 533 1215 594 sanctum,
1231 525 1278 599 qui
1293 525 1374 582 datus
1388 533 1430 582 est
1444 525 1533 582 nobis.
1548 551 1557 574 ·
1583 527 1649 599 Spes
1662 541 1718 581 non
1733 539 1805 580 eon-

1003 614 1106 684 fundit,
1130 614 1196 671 dum
1212 615 1289 672 stulti
1311 623 1339 671 et
1353 615 1464 672 hebetes
1479 633 1494 671 a
1509 614 1621 687 perfidis
1633 614 1804 688 judicamur,

1003 702 1144 760 credentes
1171 717 1232 775 qne
1262 702 1403 759 mundana
1427 710 1521 760 carent
1541 704 1665 768 ratione;
1704 702 1805 775 pignus

1002 793 1077 850 enirn
1104 792 1248 850 eharitatis
1276 793 1325 849 Ilei
1352 792 1486 850 babemus
1509 794 1538 849 in
1566 792 1647 850 nobis
1669 791 1804 865 Spiritum

1002 889 1129 940 sanctum
1144 881 1239 938 datum
1254 881 1344 937 nobis.
1361 881 1454 938 Fidele
1469 881 1545 937 enirn
1563 896 1620 938 esse
1637 881 1803 954 promissum

1002 971 1051 1028 Dei
1067 971 1164 1044 probat
1177 971 1295 1044 Spiritus
1310 978 1420 1027 sanetus
1430 971 1510 1026 datus
1520 971 1661 1042 apostolis,
1670 978 1697 1026 et
1711 970 1802 1039 nobis,

1002 1059 1051 1131 qui
1065 1059 1204 1132 preastitit,
1219 1067 1250 1114 ut
1265 1059 1381 1116 diversis
1397 1059 1498 1132 linguis
1517 1059 1638 1130 imperiti
1659 1059 1803 1132 loqueren-

1001 1155 1048 1205 tur
1068 1148 1140 1220 (dct.
1156 1165 1187 1214 n,
1203 1147 1231 1216 l)
1260 1164 1322 1204 oum
1346 1146 1620 1219 interpretationibus
1646 1147 1681 1204 ad
1704 1147 1804 1204 constr·

1002 1237 1131 1294 mandam
1151 1254 1237 1309 spem,
1256 1245 1288 1293 nt
1302 1243 1329 1293 ει
1347 1237 1509 1296 charitatem
1524 1237 1575 1293 llei
1598 1235 1804 1294 commendaret
1880 1242 1882 1250 ’

1002 1323 1032 1379 in
1050 1323 1131 1380 nobis
1154 1341 1159 1379 :
1187 1331 1219 1380 nt
1233 1324 1296 1396 qnia
1312 1323 1411 1381 charos
1425 1323 1485 1380 falli
1499 1321 1671 1396 impossibile
1689 1329 1740 1391 εει,
1755 1337 1804 1378 εε-

1002 1428 1083 1470 εειοε
1098 1429 1148 1468 nos
1163 1413 1264 1470 faceret
1278 1412 1311 1469 de
1325 1413 1525 1485 promissione:
1542 1412 1607 1485 quia
1623 1420 1650 1468 et
1665 1412 1739 1468 Deus
1750 1417 1801 1479 εει,

1002 1501 1049 1574 qni
1067 1503 1205 1574 promisit,
1222 1510 1249 1558 ει
1262 1503 1296 1559 iis
1311 1518 1381 1575 quos
1393 1502 1491 1560 charos
1507 1501 1608 1558 habere
1622 1501 1683 1556 nult
1699 1499 1802 1572 prorni-

1000 1593 1055 1658 sit;
1072 1591 1138 1664 qnia
1149 1593 1226 1649 enirn
1242 1592 1306 1648 fidei
1322 1600 1423 1649 nostrae
1438 1590 1705 1648 rationembumana
1718 1587 1804 1646 verba

963 1696 1120 1761 passerem
1134 1697 1190 1737 non
1206 1683 1299 1738 ualent
1323 1681 1377 1738 nisi
1399 1681 1535 1738 virtutum
1550 1679 1720 1747 testimonio,
1741 1695 1802 1752 quae

921 1817 926 1829 .
999 1787 1063 1828 eunt
1072 1769 1801 1844 taeent,clamant,rationabiliaapprobaturadeon·

1000 1858 1137 1916 fusionem
1158 1860 1337 1933 prudentium
1360 1861 1477 1918 mnndi:
1504 1861 1552 1934 qui
1575 1859 1690 1916 audacia
1704 1856 1801 1914 verbo·

999 1965 1061 2004 rum
1088 1952 1205 2008 terrama
1231 1952 1316 2009 armis
1340 1961 1437 2009 contra
1462 1951 1585 2008 coelestia
1610 1948 1754 2016 dimicant,
1774 1955 1802 2004 ει

998 2039 1156 2098 carnalibus
1163 2041 1295 2100 adversus
1309 2043 1456 2116 spiritalia,
1472 2051 1498 2100 ει
1511 2040 1697 2113 prudentesse
1708 2037 1801 2094 dicere

999 2147 1055 2188 non
1069 2131 1245 2189 erubescunt.
1268 2133 1336 2190 Nam
1358 2133 1430 2189 sicut
1451 2131 1588 2205 peregrini
1609 2128 1732 2186 hominis
1747 2127 1801 2184 int·

999 2219 1153 2294 probabilis
1166 2221 1244 2295 origo
1261 2221 1289 2277 in
1305 2229 1378 2278 terra
1392 2222 1482 2278 aliena
1500 2229 1552 2290 εει,
1562 2221 1602 2277 ita
1616 2227 1643 2277 et
1657 2219 1722 2278 fidei
1737 2235 1799 2276 nos·

999 2317 1049 2368 trae
1064 2311 1166 2368 veritas
1189 2313 1378 2385 peregrinatur
1400 2312 1546 2369 interris:
1571 2318 1599 2368 et
1621 2311 1688 2386 quia
1701 2317 1802 2368 natura

1001 2399 1059 2472 ejus
1073 2399 1166 2457 verbis
1186 2401 1320 2474 explicari
1344 2417 1399 2457 non
1415 2409 1513 2474 potest,
1532 2401 1654 2471 virtutis,
1670 2416 1731 2474 qum
1744 2415 1799 2456 ma·

997 2489 1095 2562 jorres
1108 2497 1162 2559 est,
1175 2490 1335 2548 testimonio
1345 2491 1564 2547 commendatur.

1038 2607 1129 2678 (Vere.
1160 2609 1227 2666 det
1254 2609 1293 2681 7.)
1327 2632 1336 2655 ι
1360 2608 1463 2682 thuid
1482 2609 1557 2666 enim
1571 2608 1707 2678 Christus,
1736 2626 1799 2667 cunr

1002 2698 1094 2756 adhuc
1116 2706 1272 2772 peccatores
1292 2715 1422 2768 εεεειιιιιε,
1442 2701 1595 2756 secundum
1620 2707 1728 2773 tempus
1751 2716 1801 2773 pro

1002 2788 1096 2860 impiis
1115 2796 1242 2846 mortuus
1256 2789 1320 2845 esti
1349 2788 1404 2846 Vix
1420 2789 1493 2844 enirn
1509 2788 1645 2861 projesta
1660 2790 1721 2862 quis
1736 2805 1801 2846 ιιιο-

1003 2879 1073 2935 ritur
1087 2897 1095 2949 ;
1122 2895 1185 2935 nam
1202 2896 1251 2952 pro
1266 2879 1339 2936 bono
1352 2879 1468 2936 forsitan
1489 2880 1552 2951 quis
1565 2879 1664 2936 audeat
1678 2878 1747 2935 mori
1758 2879 1793 2936 i·

1002 2969 1031 3027 Si
1047 2983 1095 3041 pro
1114 2974 1162 3032 53
1181 2968 1332 3026 incredulis
1353 2984 1385 3025 ae
1404 2970 1462 3025 Deo
1483 2967 1605 3026 inimicis
1625 2968 1752 3027 Christus
1766 2968 1801 3026 ad

145 3116 238 3172 2¹.
367 3116 372 3126 .
433 3116 439 3126 .
541 3115 547 3126 .
830 3115 842 3132 .,
939 3064 1210 3140 ’Gtempusmorti
1233 3083 1261 3123 εε
1283 3066 1369 3136 dedit,
1397 3065 1432 3123 ad
1457 3075 1565 3140 tempus
1586 3067 1660 3124 enirn
1674 3074 1800 3125 mortuus

183 3115 209 3185 l,
231 3115 294 3172 ideo
314 3124 340 3172 et
365 3131 393 3172 tn
410 3115 455 3172 bts
478 3114 653 3189 gloriandum
667 3115 757 3173 docet.
773 3116 837 3187 Spei
859 3123 950 3171 autern

143 3203 243 3260 addita
265 3203 406 3261 tribulatio
420 3211 598 3278 angmentum
623 3205 689 3262 facit
712 3204 837 3277 premii;
865 3203 950 3262 index
1006 3247 1012 3260 .

142 3294 219 3350 enim
236 3294 298 3351 dre
312 3295 370 3367 spei
386 3294 529 3352 tribulatio
544 3302 596 3364 εει,
608 3311 669 3368 quae
684 3293 875 3351 testimonium
890 3309 949 3364 per-

1005 3164 1056 3226 εει,
1071 3155 1229 3230 quietertia
1251 3155 1296 3212 die
1311 3157 1471 3226 resurrexit,
1496 3164 1598 3230 quanto
1624 3156 1710 3230 magis
1737 3173 1800 3214 curn

1004 3265 1033 3304 tn
1061 3248 1142 3304 illum
1163 3246 1311 3316 credimus,
1336 3246 1450 3304 auxiliis
1463 3248 1521 3304 suis
1536 3249 1643 3304 muniet
1657 3249 1731 3306 nost
1756 3246 1800 3304 Ad

1004 3337 1057 3395 hoc
1083 3337 1157 3394 enim
1187 3353 1237 3410 pro
1262 3336 1342 3393 nobis
1357 3345 1483 3394 ιιιοιιιιιιε
1506 3346 1557 3408 εει,
1581 3346 1613 3395 ut
1626 3345 1654 3394 et
1668 3337 1754 3395 vitam
1774 3346 1801 3394 et

1003 3429 1118 3503 gloriam
1145 3427 1225 3485 nobis
1243 3429 1405 3502 acquireret.
1433 3430 1528 3503 ltaque
1554 3430 1577 3486 si
1604 3446 1653 3502 pro
1677 3428 1802 3487 inimicis

1001 3525 1128 3576 mortuns
1141 3527 1193 3589 est,
1219 3529 1352 3594 qnantum
1368 3527 1477 3593 prestet
1492 3520 1599 3587 amieis,
1617 3519 1699 3577 debet
1712 3519 1800 3577 intel-

1002 3607 1060 3681 ligi.
1076 3608 1157 3682 Apud
1171 3608 1299 3667 bomines
1313 3627 1388 3684 ergo,
1408 3610 1501 3678 idest,
1524 3609 1676 3667 secundum
1691 3617 1801 3683 tempus

1000 3699 1071 3756 mori
1097 3701 1173 3758 visus
1188 3707 1251 3770 est;
1275 3701 1323 3758 ille
1341 3702 1415 3758 enim
1443 3701 1516 3773 apud
1543 3701 1646 3759 inferos
1663 3701 1723 3774 (ta)
1751 3718 1800 3775 pro

1000 3795 1087 3851 salute
1113 3793 1268 3852 animarum
1289 3794 1470 3852 irreverentes
1493 3801 1520 3850 et
1543 3807 1661 3868 nequam
1684 3793 1801 3867 spiritus

996 3883 1150 3956 judicabat.
1171 3884 1305 3957 tempora
1327 3884 1357 3940 in
1380 3883 1484 3942 mundo
1505 3890 1581 3951 sunt,
1605 3881 1652 3939 ubi
1668 3884 1757 3939 oritur
1772 3891 1799 3939 et

998 3971 1102 4029 occidit
1125 3973 1178 4042 sol,
1211 3979 1239 4029 ει
1271 3974 1336 4030 luna
1364 3974 1565 4031 incrementum
1591 3979 1619 4028 et
1650 3969 1798 4028 detrimen·

997 4068 1057 4118 tum
1082 4061 1141 4136 (20)
1170 4062 1248 4132 facit,
1272 4069 1300 4118 et
1323 4062 1381 4119 dies
1407 4069 1434 4118 et
1455 4079 1512 4117 nor
1535 4060 1563 4116 in
1586 4066 1659 4117 statu
1677 4077 1727 4117 suo
1741 4075 1797 4117 uon

997 4161 1191 4224 perseverant;
1211 4168 1255 4209 res
1275 4152 1350 4208 enirn
1374 4168 1435 4225 quaa
1453 4151 1573 4224 tempori
1593 4157 1620 4208 et
1640 4151 1714 4208 aetati
1735 4151 1798 4209 suh·

993 4240 1067 4314 jecta
1080 4251 1131 4310 est,
1153 4242 1295 4300 mutabilis
1315 4257 1424 4315 semper
1436 4249 1488 4298 est.
1511 4241 1582 4300 Huic
1598 4258 1662 4315 ergo
1678 4241 1798 4314 tempori

996 4329 1125 4390 Christus
1139 4339 1265 4389 mortuns
1280 4339 1330 4401 est,
1356 4332 1422 4389 dum
1437 4331 1554 4390 excessit
1567 4347 1582 4388 ε
1601 4347 1726 4405 corpore.
1745 4330 1798 4389 Ubi

955 4429 979 4488 n
996 4428 1092 4482 ειιιειιι
1103 4429 1213 4495 tempus
1228 4437 1285 4478 non
1296 4430 1338 4479 est
1351 4431 1377 4479 et
1392 4430 1468 4493 ειεε,
1479 4423 1519 4480 ibi
1528 4439 1584 4479 non
1598 4423 1688 4479 solnm
1703 4422 1795 4492 vivus,

997 4510 1043 4566 aed
1062 4519 1091 4567 et
1105 4510 1197 4568 vietor
1211 4518 1336 4583 repertus
1343 4519 1399 4573 est.
1414 4511 1486 4569 lline
1500 4511 1729 4569 voluitaffectum
1739 4512 1796 4569 Sal·

996 4597 1100 4655 valoris
1119 4616 1182 4673 erga
1206 4615 1258 4658 nos
1280 4601 1482 4670 commendare,
1513 4617 1576 4659 eum
1600 4601 1691 4659 dicit:
1715 4603 1797 4660 «Vix

996 4703 1045 4761 pro
1056 4688 1132 4762 justo
1146 4691 1208 4763 quis
1222 4691 1358 4758 moritur;
1383 4716 1393 4739 ·
1423 4690 1551 4750 Christus
1565 4697 1657 4749 autem
1682 4708 1731 4764 pro
1746 4692 1796 4747 irn-

995 4778 1049 4852 piis
1063 4786 1189 4837 mortuns
1212 4789 1263 4837 est.
1287 4780 1317 4838 Si
1345 4781 1419 4838 enim
1443 4797 1493 4854 pro
1517 4781 1593 4854 justo
1615 4783 1665 4838 vix
1695 4781 1796 4854 aliquis

995 4869 1123 4938 moritur,
1148 4884 1198 4942 pro
1213 4869 1307 4942 impiis
1326 4870 1466 4943 quomodo
1488 4879 1578 4943 potest
1598 4870 1658 4928 fleri
1683 4879 1713 4928 ut
1732 4869 1795 4944 qais

995 4958 1151 5015 moriatur?
1177 4959 1258 5016 Etsi
1283 4975 1333 5032 pro
1350 4958 1424 5016 bono
1445 4977 1501 5017 uno
1524 4961 1595 5017 forte
1618 4959 1717 5018 audeat
1732 4959 1794 5032 quis

132 5056 182 5104 tus
199 5047 321 5117 videtur,
345 5065 401 5106 non
429 5050 569 5108 immerito
592 5051 712 5109 dieitur:
743 5051 844 5124 dignus
864 5048 939 5106 enim
994 5047 1076 5116 mori,
1091 5055 1138 5104 aut
1153 5049 1223 5106 forte
1244 5065 1300 5106 non
1317 5048 1427 5119 audeat,
1441 5049 1506 5124 quia
1520 5056 1667 5124 utrumque
1681 5045 1793 5104 difficile

131 5135 250 5208 scietur,
275 5147 438 5213 accepturus
462 5142 710 5200 remunerationem
726 5142 755 5200 in
778 5155 863 5215 regno
876 5140 938 5198 Dei.
993 5152 1051 5194 esse
1074 5135 1235 5210 signifieat:
1261 5137 1494 5210 quemadmodum
1519 5139 1608 5198 rideri
1634 5143 1732 5212 potest,
1760 5141 1792 5192 ut

191 5425 233 5496 ts)
249 5427 328 5484 nom.
350 5427 431 5496 edit,
457 5428 528 5486 Nem
550 5431 614 5486 dum
638 5433 711 5560 opud
733 5432 848 5489 tmuium
869 5433 939 5489 mori
993 5432 1093 5506 legitur
1107 5433 1136 5490 in
1150 5433 1304 5505 nonnullis,
1316 5425 1472 5491 reverenter.

135 5497 163 5576 ε’
200 5497 288 5564 betur,
304 5499 560 5571 illecpudiaferoa,
581 5509 632 5559 eto.
684 5510 720 5560 et.
742 5504 809 5561 edit.
826 5521 857 5562 ae
872 5521 936 5562 mss.
1030 5506 1088 5578 (20)
1105 5507 1184 5562 Rom.
1210 5506 1289 5574 edit,
1313 5513 1338 5562 et
1357 5507 1554 5560 decrementum.
1572 5499 1646 5556 infra
1661 5517 1727 5564 vero
1743 5522 1790 5581 pro

135 5575 211 5624 niter
223 5585 251 5628 se
268 5584 324 5627 non
338 5569 507 5645 discrepant,
532 5573 587 5633 nisi
605 5573 682 5649 quod
702 5591 752 5649 pro
765 5577 938 5636 irreverentes
991 5578 1139 5650 munditia,
1153 5578 1281 5636 nonnulli
1297 5593 1362 5636 mss.
1378 5571 1483 5633 babent
1495 5571 1627 5632 merbiis.
