<?xml version="1.0" encoding="UTF-8"?>
<!DOCTYPE html PUBLIC "-//W3C//DTD XHTML 1.0 Transitional//EN"
    "http://www.w3.org/TR/xhtml1/DTD/xhtml1-transitional.dtd">
<html xmlns="http://www.w3.org/1999/xhtml" xml:lang="en" lang="en">
 <head>
  <title>
</title>
<meta http-equiv="Content-Type" content="text/html;charset=utf-8" />
  <meta name='ocr-system' content='tesseract 3.04.00' />
  <meta name='ocr-capabilities' content='ocr_page ocr_carea ocr_par ocr_line ocrx_word'/>
</head>
<body>
  <div class='ocr_page' id='page_1' title='image "./patrologiaecurs131migngoog_0472.png"; bbox 0 0 4038 6168; ppageno 0'>
   <div class='ocr_carea' id='block_1_1' title="bbox 129 273 184 330">
    <p class='ocr_par' dir='ltr' id='par_1_1' title="bbox 129 273 184 330">
     <span class='ocr_line' id='line_1_1' title="bbox 129 273 184 330; baseline 0 0"><span class='ocrx_word' id='word_1_1' title='bbox 129 273 184 330; x_wconf 85' lang='grc'><strong>933</strong></span> 
     </span>
    </p>
   </div>
   <div class='ocr_carea' id='block_1_2' title="bbox 576 277 1344 342">
    <p class='ocr_par' dir='ltr' id='par_1_2' title="bbox 576 277 1344 342">
     <span class='ocr_line' id='line_1_2' title="bbox 576 277 1344 342; baseline 0.012 -10"><span class='ocrx_word' id='word_1_2' title='bbox 576 277 807 336; x_wconf 80' lang='grc' dir='ltr'>ΒΕιιΕΝιιΑιιιιι</span> <span class='ocrx_word' id='word_1_3' title='bbox 826 278 1016 338; x_wconf 75' lang='lat' dir='ltr'><strong>Expostulo</strong></span> <span class='ocrx_word' id='word_1_4' title='bbox 1036 280 1072 337; x_wconf 88' lang='lat' dir='ltr'><strong>IN</strong></span> <span class='ocrx_word' id='word_1_5' title='bbox 1090 281 1344 342; x_wconf 82' lang='lat' dir='ltr'><strong>APOCALYPSIN.</strong></span> 
     </span>
    </p>
   </div>
   <div class='ocr_carea' id='block_1_3' title="bbox 1737 295 1790 351">
    <p class='ocr_par' dir='ltr' id='par_1_3' title="bbox 1737 295 1790 351">
     <span class='ocr_line' id='line_1_3' title="bbox 1737 295 1790 351; baseline 0 0"><span class='ocrx_word' id='word_1_6' title='bbox 1737 295 1790 351; x_wconf 77' lang='lat'><strong>934</strong></span> 
     </span>
    </p>
   </div>
   <div class='ocr_carea' id='block_1_4' title="bbox 128 398 1790 484">
    <p class='ocr_par' dir='ltr' id='par_1_4' title="bbox 128 398 1790 484">
     <span class='ocr_line' id='line_1_4' title="bbox 128 398 1790 484; baseline 0.013 -31"><span class='ocrx_word' id='word_1_7' title='bbox 128 405 210 456; x_wconf 86' lang='lat' dir='ltr'><strong>erant</strong></span> <span class='ocrx_word' id='word_1_8' title='bbox 223 398 258 456; x_wconf 86' lang='lat' dir='ltr'><strong>ad</strong></span> <span class='ocrx_word' id='word_1_9' title='bbox 271 399 357 456; x_wconf 82' lang='lat' dir='ltr'><strong>vitam</strong></span> <span class='ocrx_word' id='word_1_10' title='bbox 372 406 513 457; x_wconf 70' lang='lat' dir='ltr'><strong>aeternam.</strong></span> <span class='ocrx_word' id='word_1_11' title='bbox 536 400 700 476; x_wconf 88' lang='lat' dir='ltr'><strong>Congregati</strong></span> <span class='ocrx_word' id='word_1_12' title='bbox 723 414 788 462; x_wconf 91' lang='lat' dir='ltr'><strong>sunt</strong></span> <span class='ocrx_word' id='word_1_13' title='bbox 803 422 868 461; x_wconf 84' lang='lat' dir='ltr'><strong>vero</strong></span> <span class='ocrx_word' id='word_1_14' title='bbox 882 422 936 477; x_wconf 90' lang='lat' dir='ltr'><strong>po·</strong></span> <span class='ocrx_word' id='word_1_15' title='bbox 950 409 975 468; x_wconf 82' lang='lat' dir='ltr'><strong>A</strong></span> <span class='ocrx_word' id='word_1_16' title='bbox 1028 407 1120 480; x_wconf 83' lang='lat' dir='ltr'><strong>(Vere.</strong></span> <span class='ocrx_word' id='word_1_17' title='bbox 1136 409 1176 481; x_wconf 90' lang='grc'><strong>6.)</strong></span> <span class='ocrx_word' id='word_1_18' title='bbox 1190 412 1226 466; x_wconf 80' lang='lat' dir='ltr'><strong>Et</strong></span> <span class='ocrx_word' id='word_1_19' title='bbox 1236 417 1330 483; x_wconf 83' lang='lat' dir='ltr'><strong>septem</strong></span> <span class='ocrx_word' id='word_1_20' title='bbox 1348 412 1435 482; x_wconf 84' lang='lat' dir='ltr'><strong>angeli</strong></span> <span class='ocrx_word' id='word_1_21' title='bbox 1446 420 1612 484; x_wconf 76' lang='lat' dir='ltr'><strong>parauerunt</strong></span> <span class='ocrx_word' id='word_1_22' title='bbox 1625 431 1661 483; x_wconf 82' lang='lat' dir='ltr'><strong>se,</strong></span> <span class='ocrx_word' id='word_1_23' title='bbox 1678 423 1708 472; x_wconf 86' lang='lat' dir='ltr'><strong>ut</strong></span> <span class='ocrx_word' id='word_1_24' title='bbox 1722 420 1790 474; x_wconf 79' lang='lat' dir='ltr'><strong>tuliis</strong></span> 
     </span>
    </p>
   </div>
   <div class='ocr_carea' id='block_1_5' title="bbox 123 488 938 1728">
    <p class='ocr_par' dir='ltr' id='par_1_5' title="bbox 125 488 938 1103">
     <span class='ocr_line' id='line_1_5' title="bbox 128 488 938 567; baseline 0.009 -23"><span class='ocrx_word' id='word_1_25' title='bbox 128 497 189 544; x_wconf 89' lang='lat' dir='ltr'><strong>stea</strong></span> <span class='ocrx_word' id='word_1_26' title='bbox 212 488 241 542; x_wconf 92' lang='lat' dir='ltr'><strong>in</strong></span> <span class='ocrx_word' id='word_1_27' title='bbox 265 504 362 556; x_wconf 92' lang='lat' dir='ltr'><strong>unum,</strong></span> <span class='ocrx_word' id='word_1_28' title='bbox 379 490 555 564; x_wconf 89' lang='lat' dir='ltr'><strong>quandoper</strong></span> <span class='ocrx_word' id='word_1_29' title='bbox 577 491 670 561; x_wconf 86' lang='lat' dir='ltr'><strong>fidem,</strong></span> <span class='ocrx_word' id='word_1_30' title='bbox 686 509 767 566; x_wconf 89' lang='lat' dir='ltr'><strong>quam</strong></span> <span class='ocrx_word' id='word_1_31' title='bbox 783 494 813 550; x_wconf 94' lang='lat' dir='ltr'><strong>in</strong></span> <span class='ocrx_word' id='word_1_32' title='bbox 827 493 938 567; x_wconf 89' lang='lat' dir='ltr'><strong>baptis-</strong></span> 
     </span>
     <span class='ocr_line' id='line_1_6' title="bbox 127 581 934 652; baseline 0.006 -18"><span class='ocrx_word' id='word_1_33' title='bbox 127 586 204 634; x_wconf 88' lang='lat' dir='ltr'><strong>mate</strong></span> <span class='ocrx_word' id='word_1_34' title='bbox 226 586 416 650; x_wconf 87' lang='lat' dir='ltr'><strong>susceperunt,</strong></span> <span class='ocrx_word' id='word_1_35' title='bbox 446 581 553 652; x_wconf 85' lang='lat' dir='ltr'><strong>corpori</strong></span> <span class='ocrx_word' id='word_1_36' title='bbox 576 581 706 640; x_wconf 84' lang='lat' dir='ltr'><strong>Ecclesiae</strong></span> <span class='ocrx_word' id='word_1_37' title='bbox 730 591 794 639; x_wconf 91' lang='lat' dir='ltr'><strong>sunt</strong></span> <span class='ocrx_word' id='word_1_38' title='bbox 827 584 934 642; x_wconf 89' lang='lat' dir='ltr'><strong>sociati.</strong></span> 
     </span>
     <span class='ocr_line' id='line_1_7' title="bbox 129 669 935 748; baseline 0.01 -24"><span class='ocrx_word' id='word_1_39' title='bbox 129 669 207 724; x_wconf 89' lang='lat' dir='ltr'><strong>hlisit</strong></span> <span class='ocrx_word' id='word_1_40' title='bbox 219 684 283 740; x_wconf 92' lang='lat' dir='ltr'><strong>ergo</strong></span> <span class='ocrx_word' id='word_1_41' title='bbox 297 670 409 741; x_wconf 81' lang='lat' dir='ltr'><strong>angelus</strong></span> <span class='ocrx_word' id='word_1_42' title='bbox 422 670 522 742; x_wconf 89' lang='lat' dir='ltr'><strong>ignem,</strong></span> <span class='ocrx_word' id='word_1_43' title='bbox 541 688 621 744; x_wconf 88' lang='lat' dir='ltr'><strong>quern</strong></span> <span class='ocrx_word' id='word_1_44' title='bbox 640 675 668 729; x_wconf 94' lang='lat' dir='ltr'><strong>in</strong></span> <span class='ocrx_word' id='word_1_45' title='bbox 685 674 828 732; x_wconf 92' lang='lat' dir='ltr'><strong>thuribulo</strong></span> <span class='ocrx_word' id='word_1_46' title='bbox 846 691 935 748; x_wconf 91' lang='lat' dir='ltr'><strong>posu-</strong></span> 
     </span>
     <span class='ocr_line' id='line_1_8' title="bbox 127 759 936 839; baseline 0.007 -24"><span class='ocrx_word' id='word_1_47' title='bbox 127 767 198 826; x_wconf 91' lang='lat' dir='ltr'><strong>erat,</strong></span> <span class='ocrx_word' id='word_1_48' title='bbox 221 759 252 815; x_wconf 90' lang='lat' dir='ltr'><strong>in</strong></span> <span class='ocrx_word' id='word_1_49' title='bbox 276 767 398 826; x_wconf 90' lang='lat' dir='ltr'><strong>terram;</strong></span> <span class='ocrx_word' id='word_1_50' title='bbox 425 759 490 832; x_wconf 87' lang='lat' dir='ltr'><strong>quia</strong></span> <span class='ocrx_word' id='word_1_51' title='bbox 518 760 672 819; x_wconf 81' lang='lat' dir='ltr'>doctrinam</span> <span class='ocrx_word' id='word_1_52' title='bbox 696 763 772 832; x_wconf 88' lang='lat' dir='ltr'><strong>srdei,</strong></span> <span class='ocrx_word' id='word_1_53' title='bbox 800 781 881 839; x_wconf 92' lang='lat' dir='ltr'><strong>quam</strong></span> <span class='ocrx_word' id='word_1_54' title='bbox 907 765 936 821; x_wconf 93' lang='lat' dir='ltr'><strong>in</strong></span> 
     </span>
     <span class='ocr_line' id='line_1_9' title="bbox 125 849 936 926; baseline 0.005 -21"><span class='ocrx_word' id='word_1_55' title='bbox 125 849 261 906; x_wconf 81' lang='lat' dir='ltr'><strong>cordibus</strong></span> <span class='ocrx_word' id='word_1_56' title='bbox 275 850 461 920; x_wconf 88' lang='lat' dir='ltr'><strong>apostolorum</strong></span> <span class='ocrx_word' id='word_1_57' title='bbox 478 860 613 921; x_wconf 88' lang='lat' dir='ltr'><strong>posucrat,</strong></span> <span class='ocrx_word' id='word_1_58' title='bbox 634 867 683 924; x_wconf 91' lang='lat' dir='ltr'><strong>per</strong></span> <span class='ocrx_word' id='word_1_59' title='bbox 696 853 846 908; x_wconf 89' lang='lat' dir='ltr'><strong>adventum</strong></span> <span class='ocrx_word' id='word_1_60' title='bbox 868 853 936 926; x_wconf 89' lang='lat' dir='ltr'><strong>Spi-</strong></span> 
     </span>
     <span class='ocr_line' id='line_1_10' title="bbox 126 937 934 1014; baseline 0.005 -20"><span class='ocrx_word' id='word_1_61' title='bbox 126 937 200 996; x_wconf 88' lang='lat' dir='ltr'><strong>ritus</strong></span> <span class='ocrx_word' id='word_1_62' title='bbox 213 938 302 994; x_wconf 86' lang='lat' dir='ltr'><strong>sancti</strong></span> <span class='ocrx_word' id='word_1_63' title='bbox 317 937 346 994; x_wconf 94' lang='lat' dir='ltr'><strong>in</strong></span> <span class='ocrx_word' id='word_1_64' title='bbox 361 938 490 994; x_wconf 82' lang='lat' dir='ltr'><strong>cordibus</strong></span> <span class='ocrx_word' id='word_1_65' title='bbox 505 939 676 1009; x_wconf 74' lang='lat' dir='ltr'><strong>iudeorum,</strong></span> <span class='ocrx_word' id='word_1_66' title='bbox 701 942 748 1014; x_wconf 94' lang='lat' dir='ltr'><strong>qui</strong></span> <span class='ocrx_word' id='word_1_67' title='bbox 771 957 820 1014; x_wconf 90' lang='grc' dir='ltr'><strong>ρει</strong></span> <span class='ocrx_word' id='word_1_68' title='bbox 846 941 934 1000; x_wconf 88' lang='lat' dir='ltr'><strong>incre·</strong></span> 
     </span>
     <span class='ocr_line' id='line_1_11' title="bbox 125 1028 931 1103; baseline 0.001 -20"><span class='ocrx_word' id='word_1_69' title='bbox 125 1028 275 1084; x_wconf 86' lang='lat' dir='ltr'><strong>dulitatem</strong></span> <span class='ocrx_word' id='word_1_70' title='bbox 294 1036 364 1084; x_wconf 87' lang='lat' dir='ltr'><strong>terra</strong></span> <span class='ocrx_word' id='word_1_71' title='bbox 381 1035 469 1096; x_wconf 89' lang='lat' dir='ltr'><strong>erant,</strong></span> <span class='ocrx_word' id='word_1_72' title='bbox 486 1045 534 1102; x_wconf 92' lang='lat' dir='ltr'><strong>per</strong></span> <span class='ocrx_word' id='word_1_73' title='bbox 553 1046 601 1085; x_wconf 86' lang='lat' dir='ltr'><strong>ora</strong></span> <span class='ocrx_word' id='word_1_74' title='bbox 615 1032 802 1103; x_wconf 91' lang='lat' dir='ltr'><strong>apostolorum</strong></span> <span class='ocrx_word' id='word_1_75' title='bbox 824 1031 931 1088; x_wconf 90' lang='lat' dir='ltr'><strong>elludit.</strong></span> 
     </span>
    </p>

    <p class='ocr_par' dir='ltr' id='par_1_6' title="bbox 123 1116 934 1728">
     <span class='ocr_line' id='line_1_12' title="bbox 163 1116 934 1189; baseline 0.005 -17"><span class='ocrx_word' id='word_1_76' title='bbox 163 1117 247 1172; x_wconf 79' lang='lat' dir='ltr'><strong>Fortu</strong></span> <span class='ocrx_word' id='word_1_77' title='bbox 272 1122 333 1172; x_wconf 82' lang='lat' dir='ltr'><strong>runt</strong></span> <span class='ocrx_word' id='word_1_78' title='bbox 354 1116 476 1189; x_wconf 69' lang='lat' dir='ltr'><strong>fulgu-ru,</strong></span> <span class='ocrx_word' id='word_1_79' title='bbox 502 1135 584 1187; x_wconf 85' lang='lat' dir='ltr'><strong>voces,</strong></span> <span class='ocrx_word' id='word_1_80' title='bbox 607 1125 631 1174; x_wconf 87' lang='lat' dir='ltr'><strong>el</strong></span> <span class='ocrx_word' id='word_1_81' title='bbox 650 1120 780 1189; x_wconf 83' lang='lat' dir='ltr'><strong>tonitruo,</strong></span> <span class='ocrx_word' id='word_1_82' title='bbox 808 1126 832 1175; x_wconf 89' lang='lat' dir='ltr'><strong>et</strong></span> <span class='ocrx_word' id='word_1_83' title='bbox 856 1127 934 1176; x_wconf 75' lang='lat' dir='ltr'><strong>terre</strong></span> 
     </span>
     <span class='ocr_line' id='line_1_13' title="bbox 124 1205 932 1280; baseline 0.006 -20"><span class='ocrx_word' id='word_1_84' title='bbox 124 1212 225 1261; x_wconf 83' lang='grc' dir='ltr'>ιιιοιιιι.</span> <span class='ocrx_word' id='word_1_85' title='bbox 241 1205 292 1261; x_wconf 87' lang='grc' dir='ltr'><strong>Ρει</strong></span> <span class='ocrx_word' id='word_1_86' title='bbox 310 1205 420 1277; x_wconf 81' lang='lat' dir='ltr'><strong>fulgura</strong></span> <span class='ocrx_word' id='word_1_87' title='bbox 434 1206 553 1262; x_wconf 85' lang='lat' dir='ltr'><strong>virtutes</strong></span> <span class='ocrx_word' id='word_1_88' title='bbox 573 1223 633 1280; x_wconf 87' lang='lat' dir='ltr'><strong>quae</strong></span> <span class='ocrx_word' id='word_1_89' title='bbox 655 1225 703 1280; x_wconf 92' lang='lat' dir='ltr'><strong>per</strong></span> <span class='ocrx_word' id='word_1_90' title='bbox 727 1211 865 1280; x_wconf 87' lang='lat' dir='ltr'><strong>apostolos</strong></span> <span class='ocrx_word' id='word_1_91' title='bbox 886 1209 932 1265; x_wconf 88' lang='lat' dir='ltr'><strong>sre-</strong></span> 
     </span>
     <span class='ocr_line' id='line_1_14' title="bbox 123 1295 931 1368; baseline 0.005 -16"><span class='ocrx_word' id='word_1_92' title='bbox 123 1295 205 1361; x_wconf 87' lang='lat' dir='ltr'><strong>hant,</strong></span> <span class='ocrx_word' id='word_1_93' title='bbox 236 1312 285 1368; x_wconf 87' lang='lat' dir='ltr'><strong>per</strong></span> <span class='ocrx_word' id='word_1_94' title='bbox 310 1311 392 1352; x_wconf 88' lang='lat' dir='ltr'><strong>voces</strong></span> <span class='ocrx_word' id='word_1_95' title='bbox 416 1295 584 1368; x_wconf 77' lang='lat' dir='ltr'><strong>pradicatio,</strong></span> <span class='ocrx_word' id='word_1_96' title='bbox 612 1313 660 1368; x_wconf 92' lang='lat' dir='ltr'><strong>per</strong></span> <span class='ocrx_word' id='word_1_97' title='bbox 692 1296 817 1354; x_wconf 86' lang='lat' dir='ltr'><strong>tonitrua</strong></span> <span class='ocrx_word' id='word_1_98' title='bbox 839 1305 931 1356; x_wconf 88' lang='lat' dir='ltr'><strong>autem</strong></span> 
     </span>
     <span class='ocr_line' id='line_1_15' title="bbox 123 1384 931 1462; baseline 0.005 -20"><span class='ocrx_word' id='word_1_99' title='bbox 123 1384 308 1442; x_wconf 88' lang='lat' dir='ltr'><strong>comminatio</strong></span> <span class='ocrx_word' id='word_1_100' title='bbox 321 1386 394 1460; x_wconf 91' lang='lat' dir='ltr'><strong>ignis</strong></span> <span class='ocrx_word' id='word_1_101' title='bbox 409 1387 506 1444; x_wconf 85' lang='lat' dir='ltr'><strong>aeterui</strong></span> <span class='ocrx_word' id='word_1_102' title='bbox 520 1388 679 1460; x_wconf 88' lang='lat' dir='ltr'><strong>designatur</strong></span> <span class='ocrx_word' id='word_1_103' title='bbox 696 1408 702 1446; x_wconf 93' lang='lat'>:</span> <span class='ocrx_word' id='word_1_104' title='bbox 719 1406 767 1462; x_wconf 89' lang='grc' dir='ltr'><strong>ρει</strong></span> <span class='ocrx_word' id='word_1_105' title='bbox 781 1397 860 1446; x_wconf 81' lang='lat' dir='ltr'><strong>terrm</strong></span> <span class='ocrx_word' id='word_1_106' title='bbox 874 1407 931 1446; x_wconf 90' lang='lat' dir='ltr'><strong>mo·</strong></span> 
     </span>
     <span class='ocr_line' id='line_1_16' title="bbox 124 1475 931 1552; baseline 0.007 -22"><span class='ocrx_word' id='word_1_107' title='bbox 124 1483 172 1531; x_wconf 92' lang='lat' dir='ltr'><strong>tus</strong></span> <span class='ocrx_word' id='word_1_108' title='bbox 188 1492 253 1532; x_wconf 79' lang='lat' dir='ltr'><strong>vero</strong></span> <span class='ocrx_word' id='word_1_109' title='bbox 279 1475 489 1533; x_wconf 89' lang='lat' dir='ltr'><strong>conversionem</strong></span> <span class='ocrx_word' id='word_1_110' title='bbox 510 1478 667 1534; x_wconf 87' lang='lat' dir='ltr'><strong>Judaeorum</strong></span> <span class='ocrx_word' id='word_1_111' title='bbox 692 1495 837 1552; x_wconf 91' lang='lat' dir='ltr'><strong>possumus</strong></span> <span class='ocrx_word' id='word_1_112' title='bbox 851 1480 931 1535; x_wconf 89' lang='lat' dir='ltr'><strong>intel·</strong></span> 
     </span>
     <span class='ocr_line' id='line_1_17' title="bbox 124 1563 932 1641; baseline 0.006 -23"><span class='ocrx_word' id='word_1_113' title='bbox 124 1563 211 1636; x_wconf 91' lang='lat' dir='ltr'><strong>ligere</strong></span> <span class='ocrx_word' id='word_1_114' title='bbox 225 1582 233 1632; x_wconf 93' lang='lat'>;</span> <span class='ocrx_word' id='word_1_115' title='bbox 258 1565 386 1622; x_wconf 86' lang='lat' dir='ltr'><strong>conversi</strong></span> <span class='ocrx_word' id='word_1_116' title='bbox 408 1574 473 1621; x_wconf 92' lang='lat' dir='ltr'><strong>sunt</strong></span> <span class='ocrx_word' id='word_1_117' title='bbox 494 1583 613 1640; x_wconf 90' lang='lat' dir='ltr'><strong>namque</strong></span> <span class='ocrx_word' id='word_1_118' title='bbox 627 1568 661 1624; x_wconf 90' lang='lat' dir='ltr'><strong>ad</strong></span> <span class='ocrx_word' id='word_1_119' title='bbox 677 1569 868 1640; x_wconf 80' lang='lat' dir='ltr'><strong>poeniteutiam</strong></span> <span class='ocrx_word' id='word_1_120' title='bbox 884 1585 932 1641; x_wconf 92' lang='lat' dir='ltr'><strong>per</strong></span> 
     </span>
     <span class='ocr_line' id='line_1_18' title="bbox 123 1653 930 1728; baseline 0.006 -20"><span class='ocrx_word' id='word_1_121' title='bbox 123 1653 351 1726; x_wconf 83' lang='lat' dir='ltr'><strong>praedicationem</strong></span> <span class='ocrx_word' id='word_1_122' title='bbox 365 1655 438 1711; x_wconf 89' lang='lat' dir='ltr'><strong>beati</strong></span> <span class='ocrx_word' id='word_1_123' title='bbox 455 1655 538 1724; x_wconf 92' lang='lat' dir='ltr'><strong>Petri,</strong></span> <span class='ocrx_word' id='word_1_124' title='bbox 561 1656 633 1712; x_wconf 90' lang='lat' dir='ltr'><strong>sicut</strong></span> <span class='ocrx_word' id='word_1_125' title='bbox 648 1656 718 1712; x_wconf 91' lang='lat' dir='ltr'><strong>liber</strong></span> <span class='ocrx_word' id='word_1_126' title='bbox 732 1660 853 1714; x_wconf 86' lang='grc' dir='ltr'>Αειιιιιιιι</span> <span class='ocrx_word' id='word_1_127' title='bbox 867 1674 930 1728; x_wconf 82' lang='grc' dir='ltr'>ερο·</span> 
     </span>
    </p>
   </div>
   <div class='ocr_carea' id='block_1_6' title="bbox 990 500 1790 576">
    <p class='ocr_par' dir='ltr' id='par_1_7' title="bbox 990 500 1790 576">
     <span class='ocr_line' id='line_1_19' title="bbox 990 500 1790 576; baseline 0.011 -25"><span class='ocrx_word' id='word_1_128' title='bbox 990 505 1122 556; x_wconf 83' lang='grc' dir='ltr'>εαιιειειιι,</span> <span class='ocrx_word' id='word_1_129' title='bbox 1140 501 1190 556; x_wconf 87' lang='grc' dir='ltr'><strong>Ρει</strong></span> <span class='ocrx_word' id='word_1_130' title='bbox 1211 500 1282 556; x_wconf 81' lang='lat' dir='ltr'><strong>tuhae</strong></span> <span class='ocrx_word' id='word_1_131' title='bbox 1304 509 1414 558; x_wconf 87' lang='lat' dir='ltr'><strong>cantum</strong></span> <span class='ocrx_word' id='word_1_132' title='bbox 1431 504 1522 564; x_wconf 73' lang='lat'><strong>536¹</strong></span> <span class='ocrx_word' id='word_1_133' title='bbox 1537 503 1697 576; x_wconf 73' lang='lat' dir='ltr'><strong>predicatio</strong></span> <span class='ocrx_word' id='word_1_134' title='bbox 1712 504 1790 561; x_wconf 88' lang='lat' dir='ltr'><strong>desi-</strong></span> 
     </span>
    </p>
   </div>
   <div class='ocr_carea' id='block_1_7' title="bbox 985 595 1790 1746">
    <p class='ocr_par' dir='ltr' id='par_1_8' title="bbox 990 595 1790 848">
     <span class='ocr_line' id='line_1_20' title="bbox 991 595 1790 675; baseline 0.014 -27"><span class='ocrx_word' id='word_1_135' title='bbox 991 602 1108 666; x_wconf 89' lang='lat' dir='ltr'><strong>gnatur;</strong></span> <span class='ocrx_word' id='word_1_136' title='bbox 1126 595 1317 668; x_wconf 74' lang='lat' dir='ltr'><strong>praedicatores</strong></span> <span class='ocrx_word' id='word_1_137' title='bbox 1332 597 1433 670; x_wconf 90' lang='lat' dir='ltr'><strong>quippe</strong></span> <span class='ocrx_word' id='word_1_138' title='bbox 1453 599 1541 654; x_wconf 83' lang='lat' dir='ltr'><strong>suncti</strong></span> <span class='ocrx_word' id='word_1_139' title='bbox 1562 598 1596 656; x_wconf 90' lang='lat' dir='ltr'><strong>ad</strong></span> <span class='ocrx_word' id='word_1_140' title='bbox 1610 600 1664 658; x_wconf 88' lang='lat' dir='ltr'><strong>hoe</strong></span> <span class='ocrx_word' id='word_1_141' title='bbox 1682 618 1790 675; x_wconf 88' lang='lat' dir='ltr'><strong>semper</strong></span> 
     </span>
     <span class='ocr_line' id='line_1_21' title="bbox 991 685 1789 762; baseline 0.01 -24"><span class='ocrx_word' id='word_1_142' title='bbox 991 690 1077 754; x_wconf 85' lang='lat' dir='ltr'><strong>parati</strong></span> <span class='ocrx_word' id='word_1_143' title='bbox 1093 685 1242 752; x_wconf 86' lang='lat' dir='ltr'><strong>exsistunt,</strong></span> <span class='ocrx_word' id='word_1_144' title='bbox 1259 694 1289 740; x_wconf 93' lang='lat' dir='ltr'><strong>ut</strong></span> <span class='ocrx_word' id='word_1_145' title='bbox 1299 703 1477 760; x_wconf 89' lang='lat' dir='ltr'><strong>quoscunque</strong></span> <span class='ocrx_word' id='word_1_146' title='bbox 1492 697 1614 760; x_wconf 90' lang='lat' dir='ltr'><strong>possunt,</strong></span> <span class='ocrx_word' id='word_1_147' title='bbox 1627 705 1675 762; x_wconf 90' lang='lat' dir='ltr'><strong>per</strong></span> <span class='ocrx_word' id='word_1_148' title='bbox 1687 690 1789 748; x_wconf 91' lang='lat' dir='ltr'><strong>doctri·</strong></span> 
     </span>
     <span class='ocr_line' id='line_1_22' title="bbox 990 773 1579 848; baseline 0.01 -22"><span class='ocrx_word' id='word_1_149' title='bbox 990 787 1052 826; x_wconf 84' lang='lat' dir='ltr'><strong>narn</strong></span> <span class='ocrx_word' id='word_1_150' title='bbox 1068 789 1123 828; x_wconf 84' lang='lat' dir='ltr'><strong>sum</strong></span> <span class='ocrx_word' id='word_1_151' title='bbox 1139 773 1343 845; x_wconf 75' lang='lat' dir='ltr'><strong>praedicationis</strong></span> <span class='ocrx_word' id='word_1_152' title='bbox 1356 777 1413 831; x_wconf 89' lang='lat' dir='ltr'><strong>Deo</strong></span> <span class='ocrx_word' id='word_1_153' title='bbox 1425 776 1579 848; x_wconf 86' lang='lat' dir='ltr'><strong>acquirent.</strong></span> 
     </span>
    </p>

    <p class='ocr_par' dir='ltr' id='par_1_9' title="bbox 985 861 1788 1746">
     <span class='ocr_line' id='line_1_23' title="bbox 1026 861 1788 936; baseline 0.009 -18"><span class='ocrx_word' id='word_1_154' title='bbox 1026 861 1116 932; x_wconf 77' lang='lat' dir='ltr'><strong>(Vens.</strong></span> <span class='ocrx_word' id='word_1_155' title='bbox 1143 864 1182 936; x_wconf 93' lang='grc'><strong>7.)</strong></span> <span class='ocrx_word' id='word_1_156' title='bbox 1207 866 1244 919; x_wconf 82' lang='lat' dir='ltr'><strong>Et</strong></span> <span class='ocrx_word' id='word_1_157' title='bbox 1264 865 1369 936; x_wconf 84' lang='lat' dir='ltr'><strong>primus</strong></span> <span class='ocrx_word' id='word_1_158' title='bbox 1392 867 1500 936; x_wconf 78' lang='lat' dir='ltr'><strong>angelus</strong></span> <span class='ocrx_word' id='word_1_159' title='bbox 1525 867 1586 920; x_wconf 81' lang='lat' dir='ltr'><strong>tohu</strong></span> <span class='ocrx_word' id='word_1_160' title='bbox 1610 867 1710 923; x_wconf 84' lang='lat' dir='ltr'><strong>cecinit.</strong></span> <span class='ocrx_word' id='word_1_161' title='bbox 1736 869 1788 925; x_wconf 86' lang='lat' dir='ltr'><strong>Per</strong></span> 
     </span>
     <span class='ocr_line' id='line_1_24' title="bbox 989 950 1787 1027; baseline 0.014 -23"><span class='ocrx_word' id='word_1_162' title='bbox 989 950 1110 1021; x_wconf 92' lang='lat' dir='ltr'><strong>primum</strong></span> <span class='ocrx_word' id='word_1_163' title='bbox 1132 952 1269 1025; x_wconf 86' lang='lat' dir='ltr'><strong>angelum,</strong></span> <span class='ocrx_word' id='word_1_164' title='bbox 1286 954 1357 1010; x_wconf 88' lang='lat' dir='ltr'><strong>sicut</strong></span> <span class='ocrx_word' id='word_1_165' title='bbox 1372 952 1430 1026; x_wconf 84' lang='lat' dir='ltr'><strong>jain</strong></span> <span class='ocrx_word' id='word_1_166' title='bbox 1447 954 1581 1024; x_wconf 84' lang='lat' dir='ltr'><strong>diximus,</strong></span> <span class='ocrx_word' id='word_1_167' title='bbox 1595 956 1787 1027; x_wconf 77' lang='lat' dir='ltr'><strong>predicatores</strong></span> 
     </span>
     <span class='ocr_line' id='line_1_25' title="bbox 988 1039 1788 1118; baseline 0.014 -26"><span class='ocrx_word' id='word_1_168' title='bbox 988 1039 1035 1110; x_wconf 93' lang='lat' dir='ltr'><strong>qui</strong></span> <span class='ocrx_word' id='word_1_169' title='bbox 1059 1047 1121 1095; x_wconf 89' lang='lat' dir='ltr'><strong>ante</strong></span> <span class='ocrx_word' id='word_1_170' title='bbox 1145 1042 1229 1114; x_wconf 89' lang='lat' dir='ltr'><strong>legem</strong></span> <span class='ocrx_word' id='word_1_171' title='bbox 1249 1043 1370 1113; x_wconf 86' lang='lat' dir='ltr'><strong>luerunt,</strong></span> <span class='ocrx_word' id='word_1_172' title='bbox 1392 1043 1578 1116; x_wconf 74' lang='lat' dir='ltr'><strong>designantur.</strong></span> <span class='ocrx_word' id='word_1_173' title='bbox 1595 1045 1704 1102; x_wconf 86' lang='lat' dir='ltr'><strong>Primus</strong></span> <span class='ocrx_word' id='word_1_174' title='bbox 1723 1061 1788 1118; x_wconf 88' lang='lat' dir='ltr'><strong>ergo</strong></span> 
     </span>
     <span class='ocr_line' id='line_1_26' title="bbox 986 1131 1785 1210; baseline 0.015 -28"><span class='ocrx_word' id='word_1_175' title='bbox 986 1131 1099 1201; x_wconf 89' lang='lat' dir='ltr'><strong>angelus</strong></span> <span class='ocrx_word' id='word_1_176' title='bbox 1109 1132 1175 1188; x_wconf 90' lang='lat' dir='ltr'><strong>tuba</strong></span> <span class='ocrx_word' id='word_1_177' title='bbox 1189 1133 1299 1202; x_wconf 87' lang='lat' dir='ltr'><strong>cecinit,</strong></span> <span class='ocrx_word' id='word_1_178' title='bbox 1316 1136 1380 1206; x_wconf 88' lang='lat' dir='ltr'><strong>quia</strong></span> <span class='ocrx_word' id='word_1_179' title='bbox 1391 1136 1477 1191; x_wconf 89' lang='lat' dir='ltr'><strong>sancti</strong></span> <span class='ocrx_word' id='word_1_180' title='bbox 1491 1136 1545 1192; x_wconf 81' lang='lat' dir='ltr'><strong>viri</strong></span> <span class='ocrx_word' id='word_1_181' title='bbox 1562 1136 1609 1210; x_wconf 92' lang='lat' dir='ltr'><strong>qui</strong></span> <span class='ocrx_word' id='word_1_182' title='bbox 1624 1144 1688 1193; x_wconf 90' lang='lat' dir='ltr'><strong>aute</strong></span> <span class='ocrx_word' id='word_1_183' title='bbox 1699 1139 1785 1210; x_wconf 89' lang='lat' dir='ltr'><strong>legem</strong></span> 
     </span>
     <span class='ocr_line' id='line_1_27' title="bbox 986 1218 1785 1297; baseline 0.015 -24"><span class='ocrx_word' id='word_1_184' title='bbox 986 1218 1108 1289; x_wconf 86' lang='lat' dir='ltr'><strong>fuerunt,</strong></span> <span class='ocrx_word' id='word_1_185' title='bbox 1124 1222 1251 1293; x_wconf 83' lang='lat' dir='ltr'><strong>quamvis</strong></span> <span class='ocrx_word' id='word_1_186' title='bbox 1267 1223 1369 1278; x_wconf 91' lang='lat' dir='ltr'><strong>nullam</strong></span> <span class='ocrx_word' id='word_1_187' title='bbox 1388 1225 1473 1297; x_wconf 85' lang='lat' dir='ltr'><strong>legem</strong></span> <span class='ocrx_word' id='word_1_188' title='bbox 1490 1225 1623 1282; x_wconf 90' lang='lat' dir='ltr'><strong>haherent</strong></span> <span class='ocrx_word' id='word_1_189' title='bbox 1638 1225 1691 1282; x_wconf 89' lang='lat' dir='ltr'><strong>nisi</strong></span> <span class='ocrx_word' id='word_1_190' title='bbox 1707 1237 1785 1285; x_wconf 90' lang='lat' dir='ltr'><strong>natu·</strong></span> 
     </span>
     <span class='ocr_line' id='line_1_28' title="bbox 986 1309 1786 1386; baseline 0.011 -22"><span class='ocrx_word' id='word_1_191' title='bbox 986 1309 1081 1378; x_wconf 90' lang='lat' dir='ltr'><strong>ralem‚</strong></span> <span class='ocrx_word' id='word_1_192' title='bbox 1108 1310 1161 1367; x_wconf 93' lang='lat' dir='ltr'><strong>hoc</strong></span> <span class='ocrx_word' id='word_1_193' title='bbox 1182 1311 1393 1386; x_wconf 81' lang='lat' dir='ltr'><strong>quibuscunque</strong></span> <span class='ocrx_word' id='word_1_194' title='bbox 1418 1323 1553 1386; x_wconf 89' lang='lat' dir='ltr'><strong>poterant,</strong></span> <span class='ocrx_word' id='word_1_195' title='bbox 1581 1318 1699 1374; x_wconf 81' lang='lat' dir='ltr'><strong>suasisse</strong></span> <span class='ocrx_word' id='word_1_196' title='bbox 1721 1333 1786 1376; x_wconf 91' lang='lat' dir='ltr'><strong>cre-</strong></span> 
     </span>
     <span class='ocr_line' id='line_1_29' title="bbox 985 1399 1786 1474; baseline 0.012 -20"><span class='ocrx_word' id='word_1_197' title='bbox 985 1399 1068 1455; x_wconf 87' lang='lat' dir='ltr'><strong>dendi</strong></span> <span class='ocrx_word' id='word_1_198' title='bbox 1082 1409 1147 1457; x_wconf 91' lang='lat' dir='ltr'><strong>sunt</strong></span> <span class='ocrx_word' id='word_1_199' title='bbox 1163 1401 1233 1474; x_wconf 81' lang='grc'>(92),</span> <span class='ocrx_word' id='word_1_200' title='bbox 1250 1410 1281 1458; x_wconf 95' lang='grc' dir='ltr'><strong>ιιι</strong></span> <span class='ocrx_word' id='word_1_201' title='bbox 1295 1405 1382 1460; x_wconf 89' lang='lat' dir='ltr'><strong>Deum</strong></span> <span class='ocrx_word' id='word_1_202' title='bbox 1396 1411 1545 1460; x_wconf 89' lang='lat' dir='ltr'><strong>creatorem</strong></span> <span class='ocrx_word' id='word_1_203' title='bbox 1562 1423 1643 1463; x_wconf 89' lang='lat' dir='ltr'><strong>suum</strong></span> <span class='ocrx_word' id='word_1_204' title='bbox 1656 1407 1786 1465; x_wconf 78' lang='lat' dir='ltr'><strong>timerent</strong></span> 
     </span>
     <span class='ocr_line' id='line_1_30' title="bbox 986 1489 1785 1566; baseline 0.013 -24"><span class='ocrx_word' id='word_1_205' title='bbox 986 1495 1067 1560; x_wconf 88' lang='lat' dir='ltr'><strong>atque</strong></span> <span class='ocrx_word' id='word_1_206' title='bbox 1081 1489 1238 1562; x_wconf 80' lang='lat' dir='ltr'><strong>diligerent,</strong></span> <span class='ocrx_word' id='word_1_207' title='bbox 1254 1501 1281 1548; x_wconf 90' lang='lat' dir='ltr'><strong>et</strong></span> <span class='ocrx_word' id='word_1_208' title='bbox 1295 1492 1368 1565; x_wconf 91' lang='lat' dir='ltr'><strong>quod</strong></span> <span class='ocrx_word' id='word_1_209' title='bbox 1379 1493 1441 1566; x_wconf 90' lang='lat' dir='ltr'><strong>quis</strong></span> <span class='ocrx_word' id='word_1_210' title='bbox 1453 1494 1508 1566; x_wconf 91' lang='lat' dir='ltr'><strong>pati</strong></span> <span class='ocrx_word' id='word_1_211' title='bbox 1525 1511 1579 1550; x_wconf 92' lang='lat' dir='ltr'><strong>non</strong></span> <span class='ocrx_word' id='word_1_212' title='bbox 1595 1496 1689 1565; x_wconf 89' lang='lat' dir='ltr'><strong>vellet,</strong></span> <span class='ocrx_word' id='word_1_213' title='bbox 1705 1495 1785 1553; x_wconf 90' lang='lat' dir='ltr'><strong>alteri</strong></span> 
     </span>
     <span class='ocr_line' id='line_1_31' title="bbox 986 1577 1785 1656; baseline 0.013 -24"><span class='ocrx_word' id='word_1_214' title='bbox 986 1592 1042 1632; x_wconf 92' lang='lat' dir='ltr'><strong>non</strong></span> <span class='ocrx_word' id='word_1_215' title='bbox 1063 1577 1173 1635; x_wconf 87' lang='lat' dir='ltr'><strong>iaceret.</strong></span> <span class='ocrx_word' id='word_1_216' title='bbox 1190 1581 1227 1635; x_wconf 83' lang='grc' dir='ltr'><strong>Ει</strong></span> <span class='ocrx_word' id='word_1_217' title='bbox 1240 1581 1313 1651; x_wconf 79' lang='grc' dir='ltr'>(ιειιι</span> <span class='ocrx_word' id='word_1_218' title='bbox 1327 1589 1364 1637; x_wconf 84' lang='lat' dir='ltr'><strong>est</strong></span> <span class='ocrx_word' id='word_1_219' title='bbox 1377 1583 1479 1654; x_wconf 81' lang='lat' dir='ltr'><strong>pronde</strong></span> <span class='ocrx_word' id='word_1_220' title='bbox 1496 1591 1520 1639; x_wconf 88' lang='lat' dir='ltr'><strong>et</strong></span> <span class='ocrx_word' id='word_1_221' title='bbox 1534 1585 1611 1656; x_wconf 80' lang='lat' dir='ltr'><strong>ignia,</strong></span> <span class='ocrx_word' id='word_1_222' title='bbox 1628 1586 1705 1642; x_wconf 81' lang='grc' dir='ltr'>ιιιιιιε</span> <span class='ocrx_word' id='word_1_223' title='bbox 1724 1603 1785 1642; x_wconf 80' lang='lat' dir='ltr'><strong>son·</strong></span> 
     </span>
     <span class='ocr_line' id='line_1_32' title="bbox 985 1666 1784 1746; baseline 0.016 -27"><span class='ocrx_word' id='word_1_224' title='bbox 985 1666 1072 1736; x_wconf 80' lang='lat' dir='ltr'><strong>grtiae,</strong></span> <span class='ocrx_word' id='word_1_225' title='bbox 1085 1672 1109 1721; x_wconf 86' lang='lat' dir='ltr'><strong>el</strong></span> <span class='ocrx_word' id='word_1_226' title='bbox 1128 1668 1237 1722; x_wconf 78' lang='grc' dir='ltr'>ιιιεειιιιι</span> <span class='ocrx_word' id='word_1_227' title='bbox 1260 1676 1297 1724; x_wconf 83' lang='lat' dir='ltr'><strong>est</strong></span> <span class='ocrx_word' id='word_1_228' title='bbox 1317 1671 1346 1725; x_wconf 84' lang='grc' dir='ltr'><strong>ιιι</strong></span> <span class='ocrx_word' id='word_1_229' title='bbox 1365 1678 1472 1728; x_wconf 80' lang='lat' dir='ltr'><strong>terr-uin.</strong></span> <span class='ocrx_word' id='word_1_230' title='bbox 1494 1675 1533 1730; x_wconf 82' lang='lat' dir='ltr'><strong>Ea</strong></span> <span class='ocrx_word' id='word_1_231' title='bbox 1547 1690 1607 1746; x_wconf 81' lang='lat' dir='ltr'><strong>ques</strong></span> <span class='ocrx_word' id='word_1_232' title='bbox 1620 1683 1723 1746; x_wconf 82' lang='lat' dir='ltr'><strong>septem</strong></span> <span class='ocrx_word' id='word_1_233' title='bbox 1738 1691 1784 1732; x_wconf 80' lang='lat' dir='ltr'><strong>au·</strong></span> 
     </span>
    </p>
   </div>
   <div class='ocr_carea' id='block_1_8' title="bbox 123 1743 1784 1831">
    <p class='ocr_par' dir='ltr' id='par_1_10' title="bbox 123 1743 1784 1831">
     <span class='ocr_line' id='line_1_33' title="bbox 123 1743 1784 1831; baseline 0.015 -36"><span class='ocrx_word' id='word_1_234' title='bbox 123 1743 261 1799; x_wconf 90' lang='lat' dir='ltr'><strong>stolorum</strong></span> <span class='ocrx_word' id='word_1_235' title='bbox 284 1751 401 1800; x_wconf 90' lang='lat' dir='ltr'><strong>narrat:</strong></span> <span class='ocrx_word' id='word_1_236' title='bbox 423 1743 493 1812; x_wconf 79' lang='lat' dir='ltr'><strong>«lis,</strong></span> <span class='ocrx_word' id='word_1_237' title='bbox 510 1743 611 1818; x_wconf 89' lang='lat' dir='ltr'><strong>inquit,</strong></span> <span class='ocrx_word' id='word_1_238' title='bbox 633 1745 745 1813; x_wconf 64' lang='lat' dir='ltr'><strong>auditis</strong></span> <span class='ocrx_word' id='word_1_239' title='bbox 771 1744 968 1830; x_wconf 76' lang='lat' dir='ltr'><strong>compunctiss</strong></span> <span class='ocrx_word' id='word_1_240' title='bbox 986 1755 1784 1831; x_wconf 80' lang='lat' dir='ltr'><strong>gelistuhiscanentibuslactaluissevisasunt,iubonam</strong></span> 
     </span>
    </p>
   </div>
   <div class='ocr_carea' id='block_1_9' title="bbox 120 1828 929 2707">
    <p class='ocr_par' dir='ltr' id='par_1_11' title="bbox 120 1828 929 2707">
     <span class='ocr_line' id='line_1_34' title="bbox 122 1828 929 1907; baseline 0.006 -22"><span class='ocrx_word' id='word_1_241' title='bbox 122 1837 191 1885; x_wconf 92' lang='lat' dir='ltr'><strong>sunt</strong></span> <span class='ocrx_word' id='word_1_242' title='bbox 213 1828 306 1896; x_wconf 89' lang='lat' dir='ltr'><strong>corde,</strong></span> <span class='ocrx_word' id='word_1_243' title='bbox 330 1837 356 1888; x_wconf 91' lang='lat' dir='ltr'><strong>et</strong></span> <span class='ocrx_word' id='word_1_244' title='bbox 377 1831 510 1890; x_wconf 90' lang='lat' dir='ltr'><strong>dixerunt</strong></span> <span class='ocrx_word' id='word_1_245' title='bbox 528 1833 562 1888; x_wconf 88' lang='lat' dir='ltr'><strong>ad</strong></span> <span class='ocrx_word' id='word_1_246' title='bbox 585 1833 696 1890; x_wconf 91' lang='lat' dir='ltr'><strong>Petrum</strong></span> <span class='ocrx_word' id='word_1_247' title='bbox 714 1842 741 1890; x_wconf 90' lang='lat' dir='ltr'><strong>et</strong></span> <span class='ocrx_word' id='word_1_248' title='bbox 754 1833 788 1890; x_wconf 89' lang='lat' dir='ltr'><strong>ad</strong></span> <span class='ocrx_word' id='word_1_249' title='bbox 807 1834 929 1907; x_wconf 89' lang='lat' dir='ltr'><strong>reliquos</strong></span> 
     </span>
     <span class='ocr_line' id='line_1_35' title="bbox 122 1919 929 1994; baseline 0.007 -21"><span class='ocrx_word' id='word_1_250' title='bbox 122 1919 265 1989; x_wconf 89' lang='lat' dir='ltr'><strong>apostolos</strong></span> <span class='ocrx_word' id='word_1_251' title='bbox 282 1938 288 1975; x_wconf 92' lang='lat'><strong>:</strong></span> <span class='ocrx_word' id='word_1_252' title='bbox 307 1919 368 1975; x_wconf 89' lang='lat' dir='ltr'><strong>Viri</strong></span> <span class='ocrx_word' id='word_1_253' title='bbox 386 1919 494 1989; x_wconf 85' lang='lat' dir='ltr'><strong>iratres,</strong></span> <span class='ocrx_word' id='word_1_254' title='bbox 517 1921 585 1994; x_wconf 90' lang='lat' dir='ltr'><strong>qnid</strong></span> <span class='ocrx_word' id='word_1_255' title='bbox 609 1921 742 1978; x_wconf 84' lang='lat' dir='ltr'><strong>iaciemus</strong></span> <span class='ocrx_word' id='word_1_256' title='bbox 757 1922 771 1978; x_wconf 81' lang='lat' dir='ltr'><strong>‘l</strong></span> <span class='ocrx_word' id='word_1_257' title='bbox 786 1921 929 1979; x_wconf 89' lang='lat' dir='ltr'><strong>Ostendite</strong></span> 
     </span>
     <span class='ocr_line' id='line_1_36' title="bbox 123 2008 926 2086; baseline 0.005 -23"><span class='ocrx_word' id='word_1_258' title='bbox 123 2008 210 2065; x_wconf 91' lang='lat' dir='ltr'><strong>nobis</strong></span> <span class='ocrx_word' id='word_1_259' title='bbox 225 2009 294 2081; x_wconf 82' lang='lat' dir='ltr'><strong>(Act.</strong></span> <span class='ocrx_word' id='word_1_260' title='bbox 315 2028 345 2078; x_wconf 89' lang='lat'><strong>11,</strong></span> <span class='ocrx_word' id='word_1_261' title='bbox 369 2011 427 2084; x_wconf 90' lang='grc'>37).</span> <span class='ocrx_word' id='word_1_262' title='bbox 450 2038 460 2060; x_wconf 78' lang='grc' dir='ltr'><strong>ι</strong></span> <span class='ocrx_word' id='word_1_263' title='bbox 490 2013 526 2067; x_wconf 78' lang='lat' dir='ltr'><strong>Et</strong></span> <span class='ocrx_word' id='word_1_264' title='bbox 550 2013 775 2086; x_wconf 91' lang='lat' dir='ltr'><strong>insequentibus</strong></span> <span class='ocrx_word' id='word_1_265' title='bbox 794 2013 926 2086; x_wconf 89' lang='lat' dir='ltr'><strong>scripturn</strong></span> 
     </span>
     <span class='ocr_line' id='line_1_37' title="bbox 122 2097 928 2174; baseline 0.009 -23"><span class='ocrx_word' id='word_1_266' title='bbox 122 2104 179 2166; x_wconf 88' lang='lat' dir='ltr'><strong>est,</strong></span> <span class='ocrx_word' id='word_1_267' title='bbox 197 2097 261 2171; x_wconf 89' lang='lat' dir='ltr'><strong>quia</strong></span> <span class='ocrx_word' id='word_1_268' title='bbox 274 2097 309 2154; x_wconf 91' lang='lat' dir='ltr'><strong>ad</strong></span> <span class='ocrx_word' id='word_1_269' title='bbox 322 2098 393 2156; x_wconf 92' lang='lat' dir='ltr'><strong>hanc</strong></span> <span class='ocrx_word' id='word_1_270' title='bbox 415 2100 531 2172; x_wconf 85' lang='lat' dir='ltr'><strong>primam</strong></span> <span class='ocrx_word' id='word_1_271' title='bbox 547 2100 620 2156; x_wconf 90' lang='lat' dir='ltr'><strong>Petri</strong></span> <span class='ocrx_word' id='word_1_272' title='bbox 635 2101 856 2174; x_wconf 76' lang='lat' dir='ltr'><strong>predicationem</strong></span> <span class='ocrx_word' id='word_1_273' title='bbox 871 2117 928 2158; x_wconf 88' lang='lat' dir='ltr'><strong>cre·</strong></span> 
     </span>
     <span class='ocr_line' id='line_1_38' title="bbox 121 2175 926 2261; baseline 0.007 -20"><span class='ocrx_word' id='word_1_274' title='bbox 121 2185 257 2244; x_wconf 91' lang='lat' dir='ltr'><strong>diderunt</strong></span> <span class='ocrx_word' id='word_1_275' title='bbox 273 2203 306 2243; x_wconf 89' lang='lat' dir='ltr'><strong>ex</strong></span> <span class='ocrx_word' id='word_1_276' title='bbox 323 2175 379 2244; x_wconf 89' lang='lat' dir='ltr'><strong>illis</strong></span> <span class='ocrx_word' id='word_1_277' title='bbox 392 2189 446 2244; x_wconf 89' lang='lat' dir='ltr'><strong>tria</strong></span> <span class='ocrx_word' id='word_1_278' title='bbox 461 2189 558 2257; x_wconf 92' lang='lat' dir='ltr'><strong>millia,</strong></span> <span class='ocrx_word' id='word_1_279' title='bbox 573 2197 666 2261; x_wconf 87' lang='lat' dir='ltr'><strong>postea</strong></span> <span class='ocrx_word' id='word_1_280' title='bbox 682 2207 750 2247; x_wconf 74' lang='lat' dir='ltr'><strong>vero</strong></span> <span class='ocrx_word' id='word_1_281' title='bbox 769 2191 926 2247; x_wconf 69' lang='lat' dir='ltr'><strong>innumera-</strong></span> 
     </span>
     <span class='ocr_line' id='line_1_39' title="bbox 121 2273 928 2352; baseline 0.01 -24"><span class='ocrx_word' id='word_1_282' title='bbox 121 2273 205 2330; x_wconf 85' lang='lat' dir='ltr'><strong>biles.</strong></span> <span class='ocrx_word' id='word_1_283' title='bbox 223 2277 303 2332; x_wconf 90' lang='lat' dir='ltr'><strong>Hunc</strong></span> <span class='ocrx_word' id='word_1_284' title='bbox 318 2275 421 2349; x_wconf 90' lang='lat' dir='ltr'><strong>ignem,</strong></span> <span class='ocrx_word' id='word_1_285' title='bbox 437 2277 528 2345; x_wconf 91' lang='lat' dir='ltr'><strong>idest,</strong></span> <span class='ocrx_word' id='word_1_286' title='bbox 545 2277 678 2349; x_wconf 87' lang='lat' dir='ltr'><strong>Spiritum</strong></span> <span class='ocrx_word' id='word_1_287' title='bbox 694 2287 830 2348; x_wconf 88' lang='lat' dir='ltr'><strong>sanetum,</strong></span> <span class='ocrx_word' id='word_1_288' title='bbox 847 2297 928 2352; x_wconf 90' lang='lat' dir='ltr'><strong>super</strong></span> 
     </span>
     <span class='ocr_line' id='line_1_40' title="bbox 124 2364 927 2438; baseline 0.002 -18"><span class='ocrx_word' id='word_1_289' title='bbox 124 2381 176 2420; x_wconf 90' lang='lat' dir='ltr'><strong>nos</strong></span> <span class='ocrx_word' id='word_1_290' title='bbox 200 2364 248 2438; x_wconf 93' lang='lat' dir='ltr'><strong>qui</strong></span> <span class='ocrx_word' id='word_1_291' title='bbox 273 2372 345 2420; x_wconf 89' lang='lat' dir='ltr'><strong>terra</strong></span> <span class='ocrx_word' id='word_1_292' title='bbox 366 2383 471 2434; x_wconf 90' lang='lat' dir='ltr'><strong>sumus,</strong></span> <span class='ocrx_word' id='word_1_293' title='bbox 493 2366 683 2424; x_wconf 89' lang='lat' dir='ltr'><strong>misericordia</strong></span> <span class='ocrx_word' id='word_1_294' title='bbox 706 2365 816 2424; x_wconf 86' lang='lat' dir='ltr'><strong>Domini</strong></span> <span class='ocrx_word' id='word_1_295' title='bbox 839 2367 927 2424; x_wconf 93' lang='lat' dir='ltr'><strong>nostri</strong></span> 
     </span>
     <span class='ocr_line' id='line_1_41' title="bbox 121 2453 927 2530; baseline 0.009 -22"><span class='ocrx_word' id='word_1_296' title='bbox 121 2453 189 2509; x_wconf 89' lang='lat' dir='ltr'><strong>Jesu</strong></span> <span class='ocrx_word' id='word_1_297' title='bbox 212 2453 316 2512; x_wconf 84' lang='lat' dir='ltr'><strong>Christi</strong></span> <span class='ocrx_word' id='word_1_298' title='bbox 338 2456 478 2514; x_wconf 76' lang='lat' dir='ltr'><strong>effundere</strong></span> <span class='ocrx_word' id='word_1_299' title='bbox 498 2456 636 2530; x_wconf 81' lang='lat' dir='ltr'><strong>dignetur,</strong></span> <span class='ocrx_word' id='word_1_300' title='bbox 661 2464 691 2514; x_wconf 93' lang='lat' dir='ltr'><strong>ut</strong></span> <span class='ocrx_word' id='word_1_301' title='bbox 717 2473 752 2513; x_wconf 89' lang='lat' dir='ltr'><strong>ex</strong></span> <span class='ocrx_word' id='word_1_302' title='bbox 770 2459 927 2516; x_wconf 87' lang='lat' dir='ltr'><strong>carnalibus</strong></span> 
     </span>
     <span class='ocr_line' id='line_1_42' title="bbox 121 2544 928 2620; baseline 0.006 -21"><span class='ocrx_word' id='word_1_303' title='bbox 121 2544 262 2616; x_wconf 90' lang='lat' dir='ltr'><strong>spiritales</strong></span> <span class='ocrx_word' id='word_1_304' title='bbox 285 2545 445 2615; x_wconf 88' lang='lat' dir='ltr'><strong>ellicianmr,</strong></span> <span class='ocrx_word' id='word_1_305' title='bbox 465 2546 513 2619; x_wconf 92' lang='lat' dir='ltr'><strong>qui</strong></span> <span class='ocrx_word' id='word_1_306' title='bbox 529 2547 601 2602; x_wconf 87' lang='lat' dir='ltr'><strong>vivit</strong></span> <span class='ocrx_word' id='word_1_307' title='bbox 621 2554 649 2603; x_wconf 88' lang='lat' dir='ltr'><strong>et</strong></span> <span class='ocrx_word' id='word_1_308' title='bbox 668 2558 763 2620; x_wconf 89' lang='lat' dir='ltr'><strong>regnat</strong></span> <span class='ocrx_word' id='word_1_309' title='bbox 777 2549 806 2603; x_wconf 92' lang='lat' dir='ltr'><strong>in</strong></span> <span class='ocrx_word' id='word_1_310' title='bbox 828 2549 928 2606; x_wconf 86' lang='lat' dir='ltr'><strong>saecula</strong></span> 
     </span>
     <span class='ocr_line' id='line_1_43' title="bbox 120 2634 489 2707; baseline 0.008 -19"><span class='ocrx_word' id='word_1_311' title='bbox 120 2634 301 2702; x_wconf 77' lang='lat' dir='ltr'><strong>saeculorum,</strong></span> <span class='ocrx_word' id='word_1_312' title='bbox 320 2650 400 2690; x_wconf 87' lang='lat' dir='ltr'><strong>amen</strong></span> <span class='ocrx_word' id='word_1_313' title='bbox 419 2634 489 2707; x_wconf 89' lang='grc'>(90).</span> 
     </span>
    </p>
   </div>
   <div class='ocr_carea' id='block_1_10' title="bbox 160 2733 926 2903">
    <p class='ocr_par' dir='ltr' id='par_1_12' title="bbox 160 2733 926 2903">
     <span class='ocr_line' id='line_1_44' title="bbox 338 2733 712 2801; baseline 0.005 -13"><span class='ocrx_word' id='word_1_314' title='bbox 338 2733 386 2788; x_wconf 86' lang='lat' dir='ltr'><strong>DE</strong></span> <span class='ocrx_word' id='word_1_315' title='bbox 402 2733 544 2790; x_wconf 85' lang='lat' dir='ltr'>VISIONE</span> <span class='ocrx_word' id='word_1_316' title='bbox 558 2733 712 2801; x_wconf 78' lang='lat' dir='ltr'><strong>Quanta.</strong></span> 
     </span>
     <span class='ocr_line' id='line_1_45' title="bbox 160 2825 926 2903; baseline 0.005 -21"><span class='ocrx_word' id='word_1_317' title='bbox 160 2825 257 2884; x_wconf 85' lang='lat' dir='ltr'><strong>Gratia</strong></span> <span class='ocrx_word' id='word_1_318' title='bbox 273 2828 387 2884; x_wconf 88' lang='lat' dir='ltr'><strong>Domini</strong></span> <span class='ocrx_word' id='word_1_319' title='bbox 409 2829 496 2885; x_wconf 90' lang='lat' dir='ltr'><strong>nostri</strong></span> <span class='ocrx_word' id='word_1_320' title='bbox 522 2830 585 2886; x_wconf 88' lang='lat' dir='ltr'><strong>lesu</strong></span> <span class='ocrx_word' id='word_1_321' title='bbox 607 2831 710 2889; x_wconf 87' lang='lat' dir='ltr'><strong>Christi</strong></span> <span class='ocrx_word' id='word_1_322' title='bbox 732 2831 875 2903; x_wconf 78' lang='lat' dir='ltr'><strong>largiente,</strong></span> <span class='ocrx_word' id='word_1_323' title='bbox 892 2829 926 2886; x_wconf 89' lang='lat' dir='ltr'><strong>dc</strong></span> 
     </span>
    </p>
   </div>
   <div class='ocr_carea' id='block_1_11' title="bbox 120 2916 926 3082">
    <p class='ocr_par' dir='ltr' id='par_1_13' title="bbox 120 2916 926 3082">
     <span class='ocr_line' id='line_1_46' title="bbox 120 2916 926 2993; baseline 0.001 -20"><span class='ocrx_word' id='word_1_324' title='bbox 120 2916 315 2990; x_wconf 86' lang='lat' dir='ltr'><strong>apertionibus</strong></span> <span class='ocrx_word' id='word_1_325' title='bbox 329 2926 432 2990; x_wconf 87' lang='lat' dir='ltr'><strong>septem</strong></span> <span class='ocrx_word' id='word_1_326' title='bbox 447 2917 601 2992; x_wconf 90' lang='lat' dir='ltr'><strong>sigillorum</strong></span> <span class='ocrx_word' id='word_1_327' title='bbox 613 2937 698 2993; x_wconf 90' lang='lat' dir='ltr'><strong>pauca</strong></span> <span class='ocrx_word' id='word_1_328' title='bbox 707 2919 840 2987; x_wconf 84' lang='lat' dir='ltr'><strong>diximus,</strong></span> <span class='ocrx_word' id='word_1_329' title='bbox 852 2935 926 2975; x_wconf 90' lang='lat' dir='ltr'><strong>nunc</strong></span> 
     </span>
     <span class='ocr_line' id='line_1_47' title="bbox 120 3006 926 3082; baseline 0 -20"><span class='ocrx_word' id='word_1_330' title='bbox 120 3006 157 3062; x_wconf 93' lang='lat' dir='ltr'><strong>de</strong></span> <span class='ocrx_word' id='word_1_331' title='bbox 170 3013 254 3062; x_wconf 83' lang='lat' dir='ltr'><strong>cantu</strong></span> <span class='ocrx_word' id='word_1_332' title='bbox 270 3006 397 3064; x_wconf 84' lang='lat' dir='ltr'><strong>tubarum</strong></span> <span class='ocrx_word' id='word_1_333' title='bbox 424 3016 526 3082; x_wconf 90' lang='lat' dir='ltr'><strong>septem</strong></span> <span class='ocrx_word' id='word_1_334' title='bbox 542 3011 713 3082; x_wconf 87' lang='lat' dir='ltr'><strong>angelorum,</strong></span> <span class='ocrx_word' id='word_1_335' title='bbox 729 3010 777 3082; x_wconf 94' lang='lat' dir='ltr'><strong>qui</strong></span> <span class='ocrx_word' id='word_1_336' title='bbox 791 3007 926 3080; x_wconf 89' lang='lat' dir='ltr'><strong>sequitur,</strong></span> 
     </span>
    </p>
   </div>
   <div class='ocr_carea' id='block_1_12' title="bbox 981 1845 1786 3081">
    <p class='ocr_par' dir='ltr' id='par_1_14' title="bbox 981 1845 1786 2900">
     <span class='ocr_line' id='line_1_48' title="bbox 984 1845 1785 1922; baseline 0.014 -25"><span class='ocrx_word' id='word_1_337' title='bbox 984 1851 1099 1914; x_wconf 88' lang='lat' dir='ltr'><strong>partem,</strong></span> <span class='ocrx_word' id='word_1_338' title='bbox 1115 1846 1187 1902; x_wconf 87' lang='lat' dir='ltr'><strong>sicut</strong></span> <span class='ocrx_word' id='word_1_339' title='bbox 1204 1845 1274 1902; x_wconf 92' lang='lat' dir='ltr'><strong>mihi</strong></span> <span class='ocrx_word' id='word_1_340' title='bbox 1297 1847 1416 1917; x_wconf 82' lang='lat' dir='ltr'><strong>uidetur,</strong></span> <span class='ocrx_word' id='word_1_341' title='bbox 1432 1850 1591 1922; x_wconf 86' lang='lat' dir='ltr'><strong>accipienda</strong></span> <span class='ocrx_word' id='word_1_342' title='bbox 1610 1859 1674 1908; x_wconf 90' lang='lat' dir='ltr'><strong>sunt</strong></span> <span class='ocrx_word' id='word_1_343' title='bbox 1691 1870 1696 1908; x_wconf 95' lang='lat'>:</span> <span class='ocrx_word' id='word_1_344' title='bbox 1713 1851 1785 1908; x_wconf 90' lang='lat' dir='ltr'><strong>sicut</strong></span> 
     </span>
     <span class='ocr_line' id='line_1_49' title="bbox 984 1936 1784 2014; baseline 0.009 -23"><span class='ocrx_word' id='word_1_345' title='bbox 984 1949 998 1990; x_wconf 88' lang='lat' dir='ltr'><strong>e</strong></span> <span class='ocrx_word' id='word_1_346' title='bbox 1021 1936 1162 1993; x_wconf 85' lang='lat' dir='ltr'><strong>contrario</strong></span> <span class='ocrx_word' id='word_1_347' title='bbox 1191 1937 1289 1994; x_wconf 85' lang='lat' dir='ltr'><strong>cllusio</strong></span> <span class='ocrx_word' id='word_1_348' title='bbox 1309 1939 1465 2012; x_wconf 89' lang='lat' dir='ltr'><strong>phialarum</strong></span> <span class='ocrx_word' id='word_1_349' title='bbox 1490 1949 1593 2014; x_wconf 88' lang='lat' dir='ltr'><strong>septem</strong></span> <span class='ocrx_word' id='word_1_350' title='bbox 1613 1942 1784 2014; x_wconf 87' lang='lat' dir='ltr'><strong>angelorum,</strong></span> 
     </span>
     <span class='ocr_line' id='line_1_50' title="bbox 982 2026 1786 2104; baseline 0.009 -24"><span class='ocrx_word' id='word_1_351' title='bbox 982 2042 1043 2098; x_wconf 83' lang='lat' dir='ltr'><strong>quae</strong></span> <span class='ocrx_word' id='word_1_352' title='bbox 1058 2026 1192 2099; x_wconf 86' lang='lat' dir='ltr'><strong>sequitur,</strong></span> <span class='ocrx_word' id='word_1_353' title='bbox 1214 2029 1242 2082; x_wconf 93' lang='lat' dir='ltr'><strong>in</strong></span> <span class='ocrx_word' id='word_1_354' title='bbox 1258 2030 1367 2085; x_wconf 89' lang='lat' dir='ltr'><strong>malam.</strong></span> <span class='ocrx_word' id='word_1_355' title='bbox 1383 2031 1434 2086; x_wconf 92' lang='lat' dir='ltr'><strong>Per</strong></span> <span class='ocrx_word' id='word_1_356' title='bbox 1449 2030 1608 2102; x_wconf 91' lang='lat' dir='ltr'><strong>grandinem</strong></span> <span class='ocrx_word' id='word_1_357' title='bbox 1625 2029 1786 2104; x_wconf 75' lang='lat' dir='ltr'><strong>igiturque</strong></span> 
     </span>
     <span class='ocr_line' id='line_1_51' title="bbox 982 2115 1785 2194; baseline 0.007 -24"><span class='ocrx_word' id='word_1_358' title='bbox 982 2115 1112 2186; x_wconf 85' lang='lat' dir='ltr'><strong>percutit,</strong></span> <span class='ocrx_word' id='word_1_359' title='bbox 1132 2115 1215 2171; x_wconf 81' lang='lat' dir='ltr'><strong>verbe</strong></span> <span class='ocrx_word' id='word_1_360' title='bbox 1229 2124 1387 2173; x_wconf 87' lang='lat' dir='ltr'><strong>sanctorum</strong></span> <span class='ocrx_word' id='word_1_361' title='bbox 1404 2118 1538 2188; x_wconf 90' lang='lat' dir='ltr'><strong>virorum,</strong></span> <span class='ocrx_word' id='word_1_362' title='bbox 1553 2133 1613 2192; x_wconf 84' lang='lat' dir='ltr'><strong>quae</strong></span> <span class='ocrx_word' id='word_1_363' title='bbox 1628 2119 1711 2176; x_wconf 91' lang='lat' dir='ltr'><strong>corda</strong></span> <span class='ocrx_word' id='word_1_364' title='bbox 1725 2135 1785 2194; x_wconf 85' lang='lat' dir='ltr'><strong>pra-</strong></span> 
     </span>
     <span class='ocr_line' id='line_1_52' title="bbox 981 2204 1784 2282; baseline 0.007 -24"><span class='ocrx_word' id='word_1_365' title='bbox 981 2220 1080 2260; x_wconf 86' lang='lat' dir='ltr'><strong>vorum</strong></span> <span class='ocrx_word' id='word_1_366' title='bbox 1095 2204 1242 2261; x_wconf 91' lang='lat' dir='ltr'><strong>hominum</strong></span> <span class='ocrx_word' id='word_1_367' title='bbox 1265 2207 1404 2278; x_wconf 90' lang='lat' dir='ltr'><strong>arguendo</strong></span> <span class='ocrx_word' id='word_1_368' title='bbox 1419 2208 1620 2279; x_wconf 89' lang='lat' dir='ltr'><strong>percutiebant,</strong></span> <span class='ocrx_word' id='word_1_369' title='bbox 1637 2209 1784 2282; x_wconf 86' lang='lat' dir='ltr'><strong>designan-</strong></span> 
     </span>
     <span class='ocr_line' id='line_1_53' title="bbox 981 2293 1785 2370; baseline 0.007 -22"><span class='ocrx_word' id='word_1_370' title='bbox 981 2299 1037 2348; x_wconf 92' lang='lat' dir='ltr'><strong>tur.</strong></span> <span class='ocrx_word' id='word_1_371' title='bbox 1055 2293 1120 2361; x_wconf 83' lang='lat' dir='ltr'><strong>Qum</strong></span> <span class='ocrx_word' id='word_1_372' title='bbox 1145 2294 1236 2368; x_wconf 88' lang='lat' dir='ltr'><strong>ignem</strong></span> <span class='ocrx_word' id='word_1_373' title='bbox 1252 2303 1279 2351; x_wconf 89' lang='lat' dir='ltr'><strong>et</strong></span> <span class='ocrx_word' id='word_1_374' title='bbox 1298 2296 1458 2368; x_wconf 87' lang='lat' dir='ltr'><strong>sanguinem</strong></span> <span class='ocrx_word' id='word_1_375' title='bbox 1476 2297 1638 2370; x_wconf 82' lang='lat' dir='ltr'><strong>permistum</strong></span> <span class='ocrx_word' id='word_1_376' title='bbox 1655 2298 1785 2356; x_wconf 89' lang='lat' dir='ltr'><strong>hahuisse</strong></span> 
     </span>
     <span class='ocr_line' id='line_1_54' title="bbox 981 2381 1782 2460; baseline 0.007 -22"><span class='ocrx_word' id='word_1_377' title='bbox 981 2381 1166 2440; x_wconf 89' lang='lat' dir='ltr'><strong>describitur:</strong></span> <span class='ocrx_word' id='word_1_378' title='bbox 1184 2400 1231 2456; x_wconf 91' lang='lat' dir='ltr'><strong>per</strong></span> <span class='ocrx_word' id='word_1_379' title='bbox 1246 2384 1337 2456; x_wconf 91' lang='lat' dir='ltr'><strong>ignem</strong></span> <span class='ocrx_word' id='word_1_380' title='bbox 1353 2386 1472 2460; x_wconf 86' lang='lat' dir='ltr'><strong>Spiritus</strong></span> <span class='ocrx_word' id='word_1_381' title='bbox 1486 2394 1596 2444; x_wconf 87' lang='lat' dir='ltr'><strong>sanctus</strong></span> <span class='ocrx_word' id='word_1_382' title='bbox 1611 2385 1782 2460; x_wconf 88' lang='lat' dir='ltr'><strong>designatur,</strong></span> 
     </span>
     <span class='ocr_line' id='line_1_55' title="bbox 981 2471 1781 2544; baseline 0.008 -18"><span class='ocrx_word' id='word_1_383' title='bbox 981 2472 1028 2543; x_wconf 91' lang='lat' dir='ltr'><strong>qui</strong></span> <span class='ocrx_word' id='word_1_384' title='bbox 1043 2471 1073 2526; x_wconf 91' lang='lat' dir='ltr'><strong>in</strong></span> <span class='ocrx_word' id='word_1_385' title='bbox 1096 2475 1199 2529; x_wconf 88' lang='lat' dir='ltr'><strong>sanctis</strong></span> <span class='ocrx_word' id='word_1_386' title='bbox 1222 2473 1381 2533; x_wconf 88' lang='lat' dir='ltr'><strong>inhabitans</strong></span> <span class='ocrx_word' id='word_1_387' title='bbox 1404 2476 1471 2544; x_wconf 93' lang='lat' dir='ltr'><strong>suis,</strong></span> <span class='ocrx_word' id='word_1_388' title='bbox 1493 2475 1620 2532; x_wconf 84' lang='lat' dir='ltr'><strong>minister</strong></span> <span class='ocrx_word' id='word_1_389' title='bbox 1634 2478 1781 2533; x_wconf 88' lang='lat' dir='ltr'><strong>verborum</strong></span> 
     </span>
     <span class='ocr_line' id='line_1_56' title="bbox 981 2562 1782 2636; baseline 0.009 -22"><span class='ocrx_word' id='word_1_390' title='bbox 981 2575 1076 2616; x_wconf 89' lang='lat' dir='ltr'><strong>eorum</strong></span> <span class='ocrx_word' id='word_1_391' title='bbox 1089 2562 1215 2618; x_wconf 89' lang='lat' dir='ltr'><strong>exstitit:</strong></span> <span class='ocrx_word' id='word_1_392' title='bbox 1231 2579 1279 2635; x_wconf 90' lang='grc' dir='ltr'><strong>ρει</strong></span> <span class='ocrx_word' id='word_1_393' title='bbox 1293 2563 1454 2636; x_wconf 89' lang='lat' dir='ltr'><strong>sanguinem</strong></span> <span class='ocrx_word' id='word_1_394' title='bbox 1470 2581 1536 2620; x_wconf 90' lang='lat' dir='ltr'><strong>veru</strong></span> <span class='ocrx_word' id='word_1_395' title='bbox 1551 2563 1677 2622; x_wconf 90' lang='lat' dir='ltr'><strong>Christus</strong></span> <span class='ocrx_word' id='word_1_396' title='bbox 1693 2566 1782 2621; x_wconf 90' lang='lat' dir='ltr'><strong>intel·</strong></span> 
     </span>
     <span class='ocr_line' id='line_1_57' title="bbox 981 2647 1781 2724; baseline 0.005 -20"><span class='ocrx_word' id='word_1_397' title='bbox 981 2648 1086 2720; x_wconf 89' lang='lat' dir='ltr'><strong>ligitur,</strong></span> <span class='ocrx_word' id='word_1_398' title='bbox 1103 2651 1151 2724; x_wconf 91' lang='lat' dir='ltr'><strong>qui</strong></span> <span class='ocrx_word' id='word_1_399' title='bbox 1166 2658 1192 2706; x_wconf 90' lang='lat' dir='ltr'><strong>et</strong></span> <span class='ocrx_word' id='word_1_400' title='bbox 1208 2667 1223 2706; x_wconf 89' lang='lat' dir='ltr'><strong>a</strong></span> <span class='ocrx_word' id='word_1_401' title='bbox 1238 2651 1365 2707; x_wconf 90' lang='lat' dir='ltr'><strong>Patribus</strong></span> <span class='ocrx_word' id='word_1_402' title='bbox 1379 2667 1450 2724; x_wconf 74' lang='lat' dir='ltr'><strong>saepe</strong></span> <span class='ocrx_word' id='word_1_403' title='bbox 1465 2651 1612 2724; x_wconf 78' lang='lat' dir='ltr'><strong>praedictus</strong></span> <span class='ocrx_word' id='word_1_404' title='bbox 1622 2647 1679 2721; x_wconf 83' lang='lat' dir='ltr'><strong>est,</strong></span> <span class='ocrx_word' id='word_1_405' title='bbox 1696 2661 1722 2708; x_wconf 88' lang='lat' dir='ltr'><strong>ct</strong></span> <span class='ocrx_word' id='word_1_406' title='bbox 1737 2669 1781 2708; x_wconf 90' lang='lat' dir='ltr'><strong>eo·</strong></span> 
     </span>
     <span class='ocr_line' id='line_1_58' title="bbox 981 2739 1782 2811; baseline 0.004 -18"><span class='ocrx_word' id='word_1_407' title='bbox 981 2755 1042 2794; x_wconf 92' lang='lat' dir='ltr'><strong>rum</strong></span> <span class='ocrx_word' id='word_1_408' title='bbox 1064 2740 1171 2796; x_wconf 84' lang='lat' dir='ltr'><strong>actibus</strong></span> <span class='ocrx_word' id='word_1_409' title='bbox 1189 2739 1397 2811; x_wconf 75' lang='lat' dir='ltr'><strong>praefiguratus:</strong></span> <span class='ocrx_word' id='word_1_410' title='bbox 1423 2745 1496 2796; x_wconf 88' lang='lat' dir='ltr'><strong>terra</strong></span> <span class='ocrx_word' id='word_1_411' title='bbox 1510 2751 1601 2798; x_wconf 89' lang='lat' dir='ltr'><strong>autem</strong></span> <span class='ocrx_word' id='word_1_412' title='bbox 1616 2740 1710 2798; x_wconf 85' lang='lat' dir='ltr'><strong>saeculi</strong></span> <span class='ocrx_word' id='word_1_413' title='bbox 1725 2741 1782 2796; x_wconf 90' lang='lat' dir='ltr'><strong>ho-</strong></span> 
     </span>
     <span class='ocr_line' id='line_1_59' title="bbox 981 2825 1531 2900; baseline 0.004 -18"><span class='ocrx_word' id='word_1_414' title='bbox 981 2825 1069 2883; x_wconf 83' lang='lat' dir='ltr'><strong>niines</strong></span> <span class='ocrx_word' id='word_1_415' title='bbox 1085 2836 1196 2900; x_wconf 90' lang='lat' dir='ltr'><strong>peccato</strong></span> <span class='ocrx_word' id='word_1_416' title='bbox 1210 2827 1337 2884; x_wconf 88' lang='lat' dir='ltr'><strong>subditos</strong></span> <span class='ocrx_word' id='word_1_417' title='bbox 1351 2828 1531 2884; x_wconf 84' lang='lat' dir='ltr'><strong>demonstrat.</strong></span> 
     </span>
    </p>

    <p class='ocr_par' dir='ltr' id='par_1_15' title="bbox 981 2915 1780 3081">
     <span class='ocr_line' id='line_1_60' title="bbox 1015 2915 1779 2989; baseline 0.004 -17"><span class='ocrx_word' id='word_1_418' title='bbox 1015 2919 1052 2972; x_wconf 87' lang='grc' dir='ltr'><strong>Ει</strong></span> <span class='ocrx_word' id='word_1_419' title='bbox 1066 2915 1143 2970; x_wconf 87' lang='lat' dir='ltr'><strong>tertio</strong></span> <span class='ocrx_word' id='word_1_420' title='bbox 1155 2934 1222 2988; x_wconf 84' lang='lat' dir='ltr'><strong>pars</strong></span> <span class='ocrx_word' id='word_1_421' title='bbox 1239 2922 1317 2971; x_wconf 80' lang='lat' dir='ltr'><strong>terre</strong></span> <span class='ocrx_word' id='word_1_422' title='bbox 1330 2917 1542 2973; x_wconf 84' lang='lat' dir='ltr'><strong>combustcest...</strong></span> <span class='ocrx_word' id='word_1_423' title='bbox 1559 2923 1584 2972; x_wconf 88' lang='lat' dir='ltr'><strong>et</strong></span> <span class='ocrx_word' id='word_1_424' title='bbox 1597 2933 1671 2974; x_wconf 84' lang='lat' dir='ltr'><strong>omne</strong></span> <span class='ocrx_word' id='word_1_425' title='bbox 1688 2917 1779 2989; x_wconf 74' lang='lat' dir='ltr'><strong>[enum</strong></span> 
     </span>
     <span class='ocr_line' id='line_1_61' title="bbox 981 3006 1780 3081; baseline 0.009 -19"><span class='ocrx_word' id='word_1_426' title='bbox 981 3008 1065 3063; x_wconf 83' lang='lat' dir='ltr'><strong>uiride</strong></span> <span class='ocrx_word' id='word_1_427' title='bbox 1077 3008 1239 3062; x_wconf 80' lang='lat' dir='ltr'><strong>combustum</strong></span> <span class='ocrx_word' id='word_1_428' title='bbox 1251 3014 1297 3063; x_wconf 85' lang='lat' dir='ltr'><strong>est.</strong></span> <span class='ocrx_word' id='word_1_429' title='bbox 1323 3006 1373 3063; x_wconf 90' lang='lat' dir='ltr'><strong>Per</strong></span> <span class='ocrx_word' id='word_1_430' title='bbox 1386 3007 1495 3064; x_wconf 86' lang='lat' dir='ltr'><strong>tertiam</strong></span> <span class='ocrx_word' id='word_1_431' title='bbox 1509 3015 1613 3081; x_wconf 90' lang='lat' dir='ltr'><strong>partem</strong></span> <span class='ocrx_word' id='word_1_432' title='bbox 1628 3017 1707 3067; x_wconf 85' lang='lat' dir='ltr'><strong>terrae</strong></span> <span class='ocrx_word' id='word_1_433' title='bbox 1722 3026 1780 3079; x_wconf 85' lang='lat' dir='ltr'><strong>eos,</strong></span> 
     </span>
    </p>
   </div>
   <div class='ocr_carea' id='block_1_13' title="bbox 119 3096 1782 5238">
    <p class='ocr_par' dir='ltr' id='par_1_16' title="bbox 119 3096 1782 4965">
     <span class='ocr_line' id='line_1_62' title="bbox 119 3096 1780 3196; baseline 0.003 -44"><span class='ocrx_word' id='word_1_434' title='bbox 119 3096 216 3168; x_wconf 83' lang='lat' dir='ltr'><strong>aliqua</strong></span> <span class='ocrx_word' id='word_1_435' title='bbox 242 3097 421 3169; x_wconf 81' lang='lat' dir='ltr'><strong>proferamus.</strong></span> <span class='ocrx_word' id='word_1_436' title='bbox 449 3099 500 3155; x_wconf 90' lang='lat' dir='ltr'><strong>Per</strong></span> <span class='ocrx_word' id='word_1_437' title='bbox 523 3109 626 3171; x_wconf 91' lang='lat' dir='ltr'><strong>septem</strong></span> <span class='ocrx_word' id='word_1_438' title='bbox 653 3098 763 3170; x_wconf 83' lang='lat' dir='ltr'><strong>angelos</strong></span> <span class='ocrx_word' id='word_1_439' title='bbox 787 3098 925 3166; x_wconf 88' lang='lat' dir='ltr'><strong>doctores,</strong></span> <span class='ocrx_word' id='word_1_440' title='bbox 937 3133 960 3196; x_wconf 70' lang='lat' dir='ltr'>G</span> <span class='ocrx_word' id='word_1_441' title='bbox 981 3098 1029 3171; x_wconf 93' lang='lat' dir='ltr'><strong>qui</strong></span> <span class='ocrx_word' id='word_1_442' title='bbox 1044 3114 1092 3170; x_wconf 90' lang='lat' dir='ltr'><strong>per</strong></span> <span class='ocrx_word' id='word_1_443' title='bbox 1110 3097 1266 3154; x_wconf 91' lang='lat' dir='ltr'><strong>doctrinam</strong></span> <span class='ocrx_word' id='word_1_444' title='bbox 1288 3103 1315 3152; x_wconf 91' lang='lat' dir='ltr'><strong>et</strong></span> <span class='ocrx_word' id='word_1_445' title='bbox 1332 3099 1457 3170; x_wconf 89' lang='lat' dir='ltr'><strong>exempla</strong></span> <span class='ocrx_word' id='word_1_446' title='bbox 1480 3098 1615 3154; x_wconf 91' lang='lat' dir='ltr'><strong>bonorum</strong></span> <span class='ocrx_word' id='word_1_447' title='bbox 1635 3099 1780 3157; x_wconf 90' lang='lat' dir='ltr'><strong>hominum</strong></span> 
     </span>
     <span class='ocr_line' id='line_1_63' title="bbox 121 3184 1780 3261; baseline 0.004 -23"><span class='ocrx_word' id='word_1_448' title='bbox 121 3184 172 3258; x_wconf 94' lang='lat' dir='ltr'><strong>qui</strong></span> <span class='ocrx_word' id='word_1_449' title='bbox 196 3184 229 3239; x_wconf 90' lang='lat' dir='ltr'><strong>ad</strong></span> <span class='ocrx_word' id='word_1_450' title='bbox 245 3186 427 3243; x_wconf 86' lang='lat' dir='ltr'><strong>erudiendum</strong></span> <span class='ocrx_word' id='word_1_451' title='bbox 449 3189 582 3260; x_wconf 90' lang='lat' dir='ltr'><strong>populum</strong></span> <span class='ocrx_word' id='word_1_452' title='bbox 598 3186 647 3244; x_wconf 82' lang='lat' dir='ltr'><strong>liei</strong></span> <span class='ocrx_word' id='word_1_453' title='bbox 662 3203 677 3242; x_wconf 89' lang='lat' dir='ltr'><strong>a</strong></span> <span class='ocrx_word' id='word_1_454' title='bbox 690 3188 747 3242; x_wconf 78' lang='lat' dir='ltr'><strong>lieo</strong></span> <span class='ocrx_word' id='word_1_455' title='bbox 761 3185 837 3242; x_wconf 90' lang='lat' dir='ltr'><strong>missi</strong></span> <span class='ocrx_word' id='word_1_456' title='bbox 852 3193 925 3254; x_wconf 91' lang='lat' dir='ltr'><strong>sunt,</strong></span> <span class='ocrx_word' id='word_1_457' title='bbox 981 3187 1050 3242; x_wconf 79' lang='lat' dir='ltr'><strong>salui</strong></span> <span class='ocrx_word' id='word_1_458' title='bbox 1074 3187 1139 3243; x_wconf 82' lang='lat' dir='ltr'><strong>iacti</strong></span> <span class='ocrx_word' id='word_1_459' title='bbox 1155 3194 1229 3255; x_wconf 89' lang='lat' dir='ltr'><strong>sunt,</strong></span> <span class='ocrx_word' id='word_1_460' title='bbox 1253 3186 1386 3242; x_wconf 89' lang='lat' dir='ltr'><strong>dehemus</strong></span> <span class='ocrx_word' id='word_1_461' title='bbox 1410 3186 1580 3259; x_wconf 87' lang='lat' dir='ltr'><strong>intelligere:</strong></span> <span class='ocrx_word' id='word_1_462' title='bbox 1599 3187 1646 3260; x_wconf 91' lang='lat' dir='ltr'><strong>qui</strong></span> <span class='ocrx_word' id='word_1_463' title='bbox 1666 3188 1728 3261; x_wconf 87' lang='lat' dir='ltr'><strong>igne</strong></span> <span class='ocrx_word' id='word_1_464' title='bbox 1747 3189 1780 3244; x_wconf 94' lang='lat' dir='ltr'><strong>ti·</strong></span> 
     </span>
     <span class='ocr_line' id='line_1_64' title="bbox 120 3274 1779 3351; baseline 0.005 -23"><span class='ocrx_word' id='word_1_465' title='bbox 120 3281 150 3329; x_wconf 90' lang='lat' dir='ltr'><strong>et</strong></span> <span class='ocrx_word' id='word_1_466' title='bbox 167 3275 313 3330; x_wconf 89' lang='lat' dir='ltr'><strong>mittentur</strong></span> <span class='ocrx_word' id='word_1_467' title='bbox 334 3293 420 3349; x_wconf 88' lang='lat' dir='ltr'><strong>usque</strong></span> <span class='ocrx_word' id='word_1_468' title='bbox 443 3276 477 3333; x_wconf 91' lang='lat' dir='ltr'><strong>ad</strong></span> <span class='ocrx_word' id='word_1_469' title='bbox 499 3275 592 3345; x_wconf 86' lang='lat' dir='ltr'><strong>finem,</strong></span> <span class='ocrx_word' id='word_1_470' title='bbox 609 3275 797 3348; x_wconf 88' lang='lat' dir='ltr'><strong>designantur.</strong></span> <span class='ocrx_word' id='word_1_471' title='bbox 813 3275 849 3330; x_wconf 88' lang='lat' dir='ltr'><strong>Et</strong></span> <span class='ocrx_word' id='word_1_472' title='bbox 863 3274 928 3348; x_wconf 87' lang='lat' dir='ltr'><strong>quia</strong></span> <span class='ocrx_word' id='word_1_473' title='bbox 982 3279 1066 3335; x_wconf 87' lang='lat' dir='ltr'><strong>moris</strong></span> <span class='ocrx_word' id='word_1_474' title='bbox 1080 3279 1130 3335; x_wconf 89' lang='lat' dir='ltr'><strong>Dei</strong></span> <span class='ocrx_word' id='word_1_475' title='bbox 1146 3286 1226 3350; x_wconf 88' lang='lat' dir='ltr'><strong>atque</strong></span> <span class='ocrx_word' id='word_1_476' title='bbox 1250 3277 1352 3334; x_wconf 89' lang='lat' dir='ltr'><strong>amoris</strong></span> <span class='ocrx_word' id='word_1_477' title='bbox 1367 3277 1502 3351; x_wconf 91' lang='lat' dir='ltr'><strong>quidquid</strong></span> <span class='ocrx_word' id='word_1_478' title='bbox 1526 3279 1603 3351; x_wconf 87' lang='lat' dir='ltr'><strong>pravi</strong></span> <span class='ocrx_word' id='word_1_479' title='bbox 1620 3279 1692 3336; x_wconf 89' lang='lat' dir='ltr'><strong>inse</strong></span> <span class='ocrx_word' id='word_1_480' title='bbox 1716 3280 1779 3350; x_wconf 88' lang='lat' dir='ltr'><strong>tuit,</strong></span> 
     </span>
     <span class='ocr_line' id='line_1_65' title="bbox 120 3363 1779 3440; baseline 0.004 -21"><span class='ocrx_word' id='word_1_481' title='bbox 120 3372 296 3420; x_wconf 88' lang='lat' dir='ltr'><strong>sacramenta</strong></span> <span class='ocrx_word' id='word_1_482' title='bbox 310 3364 470 3421; x_wconf 87' lang='lat' dir='ltr'><strong>divinarum</strong></span> <span class='ocrx_word' id='word_1_483' title='bbox 486 3365 689 3439; x_wconf 77' lang='lat' dir='ltr'><strong>scripturarum</strong></span> <span class='ocrx_word' id='word_1_484' title='bbox 705 3363 865 3422; x_wconf 88' lang='lat' dir='ltr'><strong>doctoribus</strong></span> <span class='ocrx_word' id='word_1_485' title='bbox 876 3364 927 3420; x_wconf 85' lang='lat' dir='ltr'><strong>Ec·</strong></span> <span class='ocrx_word' id='word_1_486' title='bbox 981 3366 1193 3424; x_wconf 90' lang='lat' dir='ltr'><strong>combusserunt</strong></span> <span class='ocrx_word' id='word_1_487' title='bbox 1207 3375 1290 3440; x_wconf 88' lang='lat' dir='ltr'><strong>atque</strong></span> <span class='ocrx_word' id='word_1_488' title='bbox 1303 3366 1474 3424; x_wconf 84' lang='lat' dir='ltr'><strong>deleverunt.</strong></span> <span class='ocrx_word' id='word_1_489' title='bbox 1491 3367 1611 3423; x_wconf 82' lang='lat' dir='ltr'><strong>Arbores</strong></span> <span class='ocrx_word' id='word_1_490' title='bbox 1625 3384 1690 3424; x_wconf 83' lang='lat' dir='ltr'><strong>vero</strong></span> <span class='ocrx_word' id='word_1_491' title='bbox 1704 3369 1779 3438; x_wconf 91' lang='lat' dir='ltr'><strong>illos,</strong></span> 
     </span>
     <span class='ocr_line' id='line_1_66' title="bbox 120 3453 1779 3531; baseline 0.003 -22"><span class='ocrx_word' id='word_1_492' title='bbox 120 3454 215 3510; x_wconf 83' lang='lat' dir='ltr'><strong>clesiee</strong></span> <span class='ocrx_word' id='word_1_493' title='bbox 240 3456 431 3528; x_wconf 90' lang='lat' dir='ltr'><strong>perspicacius,</strong></span> <span class='ocrx_word' id='word_1_494' title='bbox 457 3457 514 3514; x_wconf 91' lang='lat' dir='ltr'><strong>Deo</strong></span> <span class='ocrx_word' id='word_1_495' title='bbox 535 3457 696 3529; x_wconf 91' lang='lat' dir='ltr'><strong>inspirante,</strong></span> <span class='ocrx_word' id='word_1_496' title='bbox 717 3471 799 3528; x_wconf 89' lang='lat' dir='ltr'><strong>quam</strong></span> <span class='ocrx_word' id='word_1_497' title='bbox 823 3453 928 3512; x_wconf 79' lang='lat' dir='ltr'><strong>caeteris</strong></span> <span class='ocrx_word' id='word_1_498' title='bbox 980 3457 1028 3531; x_wconf 89' lang='lat' dir='ltr'><strong>qui</strong></span> <span class='ocrx_word' id='word_1_499' title='bbox 1042 3456 1226 3529; x_wconf 88' lang='lat' dir='ltr'><strong>principatum</strong></span> <span class='ocrx_word' id='word_1_500' title='bbox 1242 3456 1314 3512; x_wconf 87' lang='lat' dir='ltr'><strong>iuter</strong></span> <span class='ocrx_word' id='word_1_501' title='bbox 1328 3463 1540 3525; x_wconf 87' lang='lat' dir='ltr'><strong>oostenuerunt,</strong></span> <span class='ocrx_word' id='word_1_502' title='bbox 1554 3457 1728 3530; x_wconf 82' lang='lat' dir='ltr'><strong>significant:</strong></span> <span class='ocrx_word' id='word_1_503' title='bbox 1744 3474 1779 3514; x_wconf 90' lang='lat' dir='ltr'><strong>ex</strong></span> 
     </span>
     <span class='ocr_line' id='line_1_67' title="bbox 120 3546 1779 3620; baseline 0.003 -20"><span class='ocrx_word' id='word_1_504' title='bbox 120 3551 284 3616; x_wconf 88' lang='lat' dir='ltr'><strong>patuerunt,</strong></span> <span class='ocrx_word' id='word_1_505' title='bbox 300 3546 416 3602; x_wconf 80' lang='lat' dir='ltr'><strong>rationis</strong></span> <span class='ocrx_word' id='word_1_506' title='bbox 431 3546 498 3603; x_wconf 95' lang='lat' dir='ltr'><strong>ordo</strong></span> <span class='ocrx_word' id='word_1_507' title='bbox 524 3547 664 3619; x_wconf 91' lang='lat' dir='ltr'><strong>poscebat,</strong></span> <span class='ocrx_word' id='word_1_508' title='bbox 685 3554 716 3602; x_wconf 92' lang='lat' dir='ltr'><strong>ut</strong></span> <span class='ocrx_word' id='word_1_509' title='bbox 740 3552 802 3618; x_wconf 91' lang='lat' dir='ltr'><strong>post</strong></span> <span class='ocrx_word' id='word_1_510' title='bbox 819 3559 928 3601; x_wconf 88' lang='lat' dir='ltr'><strong>resera·</strong></span> <span class='ocrx_word' id='word_1_511' title='bbox 981 3547 1081 3619; x_wconf 92' lang='lat' dir='ltr'><strong>quihus</strong></span> <span class='ocrx_word' id='word_1_512' title='bbox 1105 3547 1184 3604; x_wconf 93' lang='lat' dir='ltr'><strong>multi</strong></span> <span class='ocrx_word' id='word_1_513' title='bbox 1209 3563 1258 3618; x_wconf 90' lang='grc' dir='ltr'><strong>ρει</strong></span> <span class='ocrx_word' id='word_1_514' title='bbox 1283 3547 1437 3603; x_wconf 86' lang='lat' dir='ltr'><strong>doctrinam</strong></span> <span class='ocrx_word' id='word_1_515' title='bbox 1459 3554 1487 3602; x_wconf 89' lang='lat' dir='ltr'><strong>et</strong></span> <span class='ocrx_word' id='word_1_516' title='bbox 1504 3548 1629 3620; x_wconf 84' lang='lat' dir='ltr'><strong>exempla</strong></span> <span class='ocrx_word' id='word_1_517' title='bbox 1645 3547 1779 3606; x_wconf 90' lang='lat' dir='ltr'><strong>bonorum</strong></span> 
     </span>
     <span class='ocr_line' id='line_1_68' title="bbox 121 3633 1780 3709; baseline 0.002 -22"><span class='ocrx_word' id='word_1_518' title='bbox 121 3633 230 3688; x_wconf 88' lang='lat' dir='ltr'><strong>tionem</strong></span> <span class='ocrx_word' id='word_1_519' title='bbox 246 3634 401 3707; x_wconf 87' lang='lat' dir='ltr'><strong>sigillorum</strong></span> <span class='ocrx_word' id='word_1_520' title='bbox 416 3651 476 3709; x_wconf 74' lang='lat' dir='ltr'><strong>quas</strong></span> <span class='ocrx_word' id='word_1_521' title='bbox 490 3637 660 3708; x_wconf 87' lang='lat' dir='ltr'><strong>apertionem</strong></span> <span class='ocrx_word' id='word_1_522' title='bbox 676 3637 835 3693; x_wconf 85' lang='lat' dir='ltr'><strong>divinarum</strong></span> <span class='ocrx_word' id='word_1_523' title='bbox 852 3633 927 3691; x_wconf 88' lang='lat' dir='ltr'><strong>Scri·</strong></span> <span class='ocrx_word' id='word_1_524' title='bbox 981 3634 1126 3692; x_wconf 90' lang='lat' dir='ltr'><strong>hominum</strong></span> <span class='ocrx_word' id='word_1_525' title='bbox 1142 3636 1284 3692; x_wconf 78' lang='lat' dir='ltr'><strong>ieluilacti</strong></span> <span class='ocrx_word' id='word_1_526' title='bbox 1296 3643 1371 3704; x_wconf 90' lang='lat' dir='ltr'><strong>sunt,</strong></span> <span class='ocrx_word' id='word_1_527' title='bbox 1386 3635 1626 3693; x_wconf 86' lang='lat' dir='ltr'><strong>sicutAhimelech</strong></span> <span class='ocrx_word' id='word_1_528' title='bbox 1638 3652 1686 3708; x_wconf 94' lang='grc' dir='ltr'><strong>ρει</strong></span> <span class='ocrx_word' id='word_1_529' title='bbox 1696 3635 1780 3692; x_wconf 83' lang='lat' dir='ltr'><strong>Abra·</strong></span> 
     </span>
     <span class='ocr_line' id='line_1_69' title="bbox 123 3723 1781 3798; baseline 0.001 -20"><span class='ocrx_word' id='word_1_530' title='bbox 123 3730 271 3796; x_wconf 90' lang='lat' dir='ltr'><strong>pturarum</strong></span> <span class='ocrx_word' id='word_1_531' title='bbox 296 3725 443 3798; x_wconf 78' lang='lat' dir='ltr'><strong>significat,</strong></span> <span class='ocrx_word' id='word_1_532' title='bbox 459 3734 561 3798; x_wconf 87' lang='lat' dir='ltr'><strong>septem</strong></span> <span class='ocrx_word' id='word_1_533' title='bbox 585 3727 674 3798; x_wconf 87' lang='lat' dir='ltr'><strong>angeli</strong></span> <span class='ocrx_word' id='word_1_534' title='bbox 689 3732 864 3798; x_wconf 91' lang='lat' dir='ltr'><strong>ponerentur,</strong></span> <span class='ocrx_word' id='word_1_535' title='bbox 881 3739 928 3796; x_wconf 88' lang='grc' dir='ltr'><strong>ρει</strong></span> <span class='ocrx_word' id='word_1_536' title='bbox 980 3725 1043 3781; x_wconf 90' lang='lat' dir='ltr'><strong>ham</strong></span> <span class='ocrx_word' id='word_1_537' title='bbox 1061 3726 1139 3797; x_wconf 83' lang='lat' dir='ltr'><strong>(Gen.</strong></span> <span class='ocrx_word' id='word_1_538' title='bbox 1153 3741 1201 3792; x_wconf 92' lang='lat' dir='ltr'><strong>xx,</strong></span> <span class='ocrx_word' id='word_1_539' title='bbox 1222 3726 1278 3797; x_wconf 83' lang='lat' dir='ltr'><strong>ll),</strong></span> <span class='ocrx_word' id='word_1_540' title='bbox 1294 3732 1320 3781; x_wconf 91' lang='lat' dir='ltr'><strong>et</strong></span> <span class='ocrx_word' id='word_1_541' title='bbox 1336 3741 1383 3797; x_wconf 90' lang='grc' dir='ltr'><strong>ρει</strong></span> <span class='ocrx_word' id='word_1_542' title='bbox 1396 3724 1448 3781; x_wconf 83' lang='lat' dir='ltr'><strong>lob</strong></span> <span class='ocrx_word' id='word_1_543' title='bbox 1464 3731 1518 3781; x_wconf 91' lang='lat' dir='ltr'><strong>tres</strong></span> <span class='ocrx_word' id='word_1_544' title='bbox 1539 3725 1622 3782; x_wconf 86' lang='lat' dir='ltr'><strong>amici</strong></span> <span class='ocrx_word' id='word_1_545' title='bbox 1638 3723 1697 3796; x_wconf 87' lang='lat' dir='ltr'><strong>ejus</strong></span> <span class='ocrx_word' id='word_1_546' title='bbox 1720 3725 1781 3798; x_wconf 79' lang='lat' dir='ltr'><strong>(lob</strong></span> 
     </span>
     <span class='ocr_line' id='line_1_70' title="bbox 123 3813 1781 3892; baseline -0.001 -23"><span class='ocrx_word' id='word_1_547' title='bbox 123 3831 199 3888; x_wconf 90' lang='lat' dir='ltr'><strong>quos</strong></span> <span class='ocrx_word' id='word_1_548' title='bbox 222 3831 318 3873; x_wconf 87' lang='lat' dir='ltr'><strong>omnes</strong></span> <span class='ocrx_word' id='word_1_549' title='bbox 341 3817 467 3875; x_wconf 91' lang='lat' dir='ltr'><strong>doctores</strong></span> <span class='ocrx_word' id='word_1_550' title='bbox 490 3819 584 3892; x_wconf 91' lang='lat' dir='ltr'><strong>populi</strong></span> <span class='ocrx_word' id='word_1_551' title='bbox 605 3817 654 3876; x_wconf 87' lang='lat' dir='ltr'><strong>Dei</strong></span> <span class='ocrx_word' id='word_1_552' title='bbox 673 3818 863 3891; x_wconf 88' lang='lat' dir='ltr'><strong>designantur,</strong></span> <span class='ocrx_word' id='word_1_553' title='bbox 879 3814 928 3888; x_wconf 93' lang='lat' dir='ltr'><strong>qui</strong></span> <span class='ocrx_word' id='word_1_554' title='bbox 982 3831 1052 3882; x_wconf 82' lang='lat' dir='ltr'><strong>xnn,</strong></span> <span class='ocrx_word' id='word_1_555' title='bbox 1063 3813 1103 3886; x_wconf 89' lang='grc'><strong>8).</strong></span> <span class='ocrx_word' id='word_1_556' title='bbox 1120 3813 1171 3869; x_wconf 88' lang='grc' dir='ltr'><strong>Ρει</strong></span> <span class='ocrx_word' id='word_1_557' title='bbox 1184 3815 1279 3870; x_wconf 91' lang='lat' dir='ltr'><strong>lenum</strong></span> <span class='ocrx_word' id='word_1_558' title='bbox 1295 3821 1387 3870; x_wconf 82' lang='lat' dir='ltr'><strong>eutem</strong></span> <span class='ocrx_word' id='word_1_559' title='bbox 1402 3814 1500 3883; x_wconf 90' lang='lat' dir='ltr'><strong>viride,</strong></span> <span class='ocrx_word' id='word_1_560' title='bbox 1519 3814 1593 3888; x_wconf 90' lang='lat' dir='ltr'><strong>quod</strong></span> <span class='ocrx_word' id='word_1_561' title='bbox 1608 3830 1689 3870; x_wconf 89' lang='lat' dir='ltr'><strong>omne</strong></span> <span class='ocrx_word' id='word_1_562' title='bbox 1702 3830 1781 3870; x_wconf 89' lang='lat' dir='ltr'><strong>com-</strong></span> 
     </span>
     <span class='ocr_line' id='line_1_71' title="bbox 124 3902 1782 3980; baseline 0 -22"><span class='ocrx_word' id='word_1_563' title='bbox 124 3903 272 3960; x_wconf 89' lang='lat' dir='ltr'><strong>scientiam</strong></span> <span class='ocrx_word' id='word_1_564' title='bbox 295 3905 453 3963; x_wconf 87' lang='lat' dir='ltr'><strong>divinarum</strong></span> <span class='ocrx_word' id='word_1_565' title='bbox 470 3907 674 3980; x_wconf 85' lang='lat' dir='ltr'><strong>Scripturarnm</strong></span> <span class='ocrx_word' id='word_1_566' title='bbox 691 3905 855 3979; x_wconf 90' lang='lat' dir='ltr'><strong>locupletius</strong></span> <span class='ocrx_word' id='word_1_567' title='bbox 869 3923 928 3977; x_wconf 91' lang='lat' dir='ltr'><strong>per·</strong></span> <span class='ocrx_word' id='word_1_568' title='bbox 982 3904 1094 3961; x_wconf 90' lang='lat' dir='ltr'><strong>bustum</strong></span> <span class='ocrx_word' id='word_1_569' title='bbox 1113 3919 1170 3959; x_wconf 89' lang='lat' dir='ltr'><strong>esse</strong></span> <span class='ocrx_word' id='word_1_570' title='bbox 1192 3902 1304 3971; x_wconf 90' lang='lat' dir='ltr'><strong>dicitur,</strong></span> <span class='ocrx_word' id='word_1_571' title='bbox 1321 3903 1340 3959; x_wconf 93' lang='lat' dir='ltr'><strong>ii</strong></span> <span class='ocrx_word' id='word_1_572' title='bbox 1356 3903 1536 3975; x_wconf 89' lang='lat' dir='ltr'><strong>designantur</strong></span> <span class='ocrx_word' id='word_1_573' title='bbox 1549 3903 1596 3975; x_wconf 92' lang='lat' dir='ltr'><strong>qui</strong></span> <span class='ocrx_word' id='word_1_574' title='bbox 1611 3909 1637 3959; x_wconf 87' lang='lat' dir='ltr'><strong>et</strong></span> <span class='ocrx_word' id='word_1_575' title='bbox 1655 3903 1782 3974; x_wconf 87' lang='lat' dir='ltr'><strong>superius</strong></span> 
     </span>
     <span class='ocr_line' id='line_1_72' title="bbox 124 3992 1781 4070; baseline 0.001 -23"><span class='ocrx_word' id='word_1_576' title='bbox 124 4000 269 4062; x_wconf 90' lang='lat' dir='ltr'><strong>ceperunt.</strong></span> <span class='ocrx_word' id='word_1_577' title='bbox 284 3994 320 4050; x_wconf 88' lang='lat' dir='ltr'><strong>Et</strong></span> <span class='ocrx_word' id='word_1_578' title='bbox 333 3995 404 4052; x_wconf 90' lang='lat' dir='ltr'><strong>sicut</strong></span> <span class='ocrx_word' id='word_1_579' title='bbox 419 4013 500 4053; x_wconf 91' lang='lat' dir='ltr'><strong>omne</strong></span> <span class='ocrx_word' id='word_1_580' title='bbox 510 4013 609 4070; x_wconf 88' lang='lat' dir='ltr'><strong>corpus</strong></span> <span class='ocrx_word' id='word_1_581' title='bbox 620 3997 770 4053; x_wconf 89' lang='lat' dir='ltr'><strong>electorum</strong></span> <span class='ocrx_word' id='word_1_582' title='bbox 783 3999 811 4051; x_wconf 94' lang='lat' dir='ltr'><strong>in</strong></span> <span class='ocrx_word' id='word_1_583' title='bbox 824 4006 927 4067; x_wconf 88' lang='lat' dir='ltr'><strong>septem</strong></span> <span class='ocrx_word' id='word_1_584' title='bbox 983 4008 1030 4065; x_wconf 89' lang='lat' dir='ltr'><strong>per</strong></span> <span class='ocrx_word' id='word_1_585' title='bbox 1040 3992 1148 4047; x_wconf 91' lang='lat' dir='ltr'><strong>tertiam</strong></span> <span class='ocrx_word' id='word_1_586' title='bbox 1165 4001 1268 4064; x_wconf 90' lang='lat' dir='ltr'><strong>partem</strong></span> <span class='ocrx_word' id='word_1_587' title='bbox 1287 3999 1363 4048; x_wconf 78' lang='lat' dir='ltr'><strong>terrae</strong></span> <span class='ocrx_word' id='word_1_588' title='bbox 1376 3999 1403 4048; x_wconf 88' lang='lat' dir='ltr'><strong>et</strong></span> <span class='ocrx_word' id='word_1_589' title='bbox 1418 3993 1547 4048; x_wconf 89' lang='lat' dir='ltr'><strong>arborum</strong></span> <span class='ocrx_word' id='word_1_590' title='bbox 1562 4009 1622 4065; x_wconf 84' lang='lat' dir='ltr'><strong>quae</strong></span> <span class='ocrx_word' id='word_1_591' title='bbox 1636 3992 1781 4049; x_wconf 87' lang='lat' dir='ltr'><strong>combusta</strong></span> 
     </span>
     <span class='ocr_line' id='line_1_73' title="bbox 125 4079 1779 4157; baseline -0.001 -22"><span class='ocrx_word' id='word_1_592' title='bbox 125 4089 217 4152; x_wconf 88' lang='lat' dir='ltr'><strong>partes</strong></span> <span class='ocrx_word' id='word_1_593' title='bbox 239 4082 396 4154; x_wconf 90' lang='lat' dir='ltr'><strong>divisimus,</strong></span> <span class='ocrx_word' id='word_1_594' title='bbox 421 4084 460 4141; x_wconf 88' lang='lat' dir='ltr'><strong>ita</strong></span> <span class='ocrx_word' id='word_1_595' title='bbox 483 4094 509 4142; x_wconf 91' lang='lat' dir='ltr'><strong>et</strong></span> <span class='ocrx_word' id='word_1_596' title='bbox 533 4094 634 4157; x_wconf 90' lang='lat' dir='ltr'><strong>septem</strong></span> <span class='ocrx_word' id='word_1_597' title='bbox 653 4085 742 4157; x_wconf 88' lang='lat' dir='ltr'><strong>angeli</strong></span> <span class='ocrx_word' id='word_1_598' title='bbox 764 4083 837 4141; x_wconf 90' lang='lat' dir='ltr'><strong>tubis</strong></span> <span class='ocrx_word' id='word_1_599' title='bbox 859 4082 928 4140; x_wconf 92' lang='lat' dir='ltr'><strong>ceci·</strong></span> <span class='ocrx_word' id='word_1_600' title='bbox 983 4089 1033 4150; x_wconf 90' lang='lat' dir='ltr'><strong>est,</strong></span> <span class='ocrx_word' id='word_1_601' title='bbox 1051 4081 1079 4136; x_wconf 94' lang='lat' dir='ltr'><strong>id</strong></span> <span class='ocrx_word' id='word_1_602' title='bbox 1101 4087 1151 4148; x_wconf 90' lang='lat' dir='ltr'><strong>est,</strong></span> <span class='ocrx_word' id='word_1_603' title='bbox 1168 4081 1247 4136; x_wconf 84' lang='lat' dir='ltr'><strong>electi</strong></span> <span class='ocrx_word' id='word_1_604' title='bbox 1268 4080 1315 4153; x_wconf 93' lang='lat' dir='ltr'><strong>qui</strong></span> <span class='ocrx_word' id='word_1_605' title='bbox 1340 4096 1372 4136; x_wconf 93' lang='grc' dir='ltr'>εο</span> <span class='ocrx_word' id='word_1_606' title='bbox 1395 4089 1519 4152; x_wconf 88' lang='lat' dir='ltr'><strong>tempore</strong></span> <span class='ocrx_word' id='word_1_607' title='bbox 1532 4080 1645 4136; x_wconf 83' lang='lat' dir='ltr'><strong>fuerunt</strong></span> <span class='ocrx_word' id='word_1_608' title='bbox 1661 4098 1667 4146; x_wconf 86' lang='lat'>;</span> <span class='ocrx_word' id='word_1_609' title='bbox 1686 4079 1779 4135; x_wconf 81' lang='lat' dir='ltr'><strong>lenum</strong></span> 
     </span>
     <span class='ocr_line' id='line_1_74' title="bbox 125 4169 1778 4248; baseline -0.001 -22"><span class='ocrx_word' id='word_1_610' title='bbox 125 4169 200 4226; x_wconf 88' lang='lat' dir='ltr'><strong>nisse</strong></span> <span class='ocrx_word' id='word_1_611' title='bbox 225 4171 278 4227; x_wconf 85' lang='lat' dir='ltr'><strong>visi</strong></span> <span class='ocrx_word' id='word_1_612' title='bbox 296 4181 361 4229; x_wconf 89' lang='lat' dir='ltr'><strong>sunt</strong></span> <span class='ocrx_word' id='word_1_613' title='bbox 377 4193 383 4230; x_wconf 94' lang='lat'>:</span> <span class='ocrx_word' id='word_1_614' title='bbox 400 4191 449 4247; x_wconf 92' lang='lat' dir='ltr'><strong>per</strong></span> <span class='ocrx_word' id='word_1_615' title='bbox 473 4191 540 4248; x_wconf 90' lang='lat' dir='ltr'><strong>quos</strong></span> <span class='ocrx_word' id='word_1_616' title='bbox 564 4189 659 4232; x_wconf 88' lang='lat' dir='ltr'><strong>onmes</strong></span> <span class='ocrx_word' id='word_1_617' title='bbox 679 4175 807 4230; x_wconf 90' lang='lat' dir='ltr'><strong>doctores</strong></span> <span class='ocrx_word' id='word_1_618' title='bbox 830 4171 926 4246; x_wconf 91' lang='lat' dir='ltr'><strong>populi</strong></span> <span class='ocrx_word' id='word_1_619' title='bbox 983 4186 1101 4242; x_wconf 87' lang='lat' dir='ltr'><strong>namque</strong></span> <span class='ocrx_word' id='word_1_620' title='bbox 1115 4169 1206 4225; x_wconf 83' lang='lat' dir='ltr'><strong>viride</strong></span> <span class='ocrx_word' id='word_1_621' title='bbox 1219 4169 1333 4225; x_wconf 86' lang='lat' dir='ltr'><strong>difficile</strong></span> <span class='ocrx_word' id='word_1_622' title='bbox 1347 4170 1516 4238; x_wconf 88' lang='lat' dir='ltr'><strong>accenditur,</strong></span> <span class='ocrx_word' id='word_1_623' title='bbox 1538 4169 1645 4226; x_wconf 91' lang='lat' dir='ltr'><strong>aridum</strong></span> <span class='ocrx_word' id='word_1_624' title='bbox 1660 4184 1726 4224; x_wconf 89' lang='lat' dir='ltr'><strong>vero</strong></span> <span class='ocrx_word' id='word_1_625' title='bbox 1741 4169 1778 4225; x_wconf 90' lang='lat' dir='ltr'><strong>la·</strong></span> 
     </span>
     <span class='ocr_line' id='line_1_75' title="bbox 124 4257 1780 4338; baseline 0 -22"><span class='ocrx_word' id='word_1_626' title='bbox 124 4259 176 4316; x_wconf 88' lang='lat' dir='ltr'><strong>Dei</strong></span> <span class='ocrx_word' id='word_1_627' title='bbox 198 4259 387 4334; x_wconf 90' lang='lat' dir='ltr'><strong>designantur,</strong></span> <span class='ocrx_word' id='word_1_628' title='bbox 413 4265 540 4338; x_wconf 84' lang='lat' dir='ltr'><strong>quamvis</strong></span> <span class='ocrx_word' id='word_1_629' title='bbox 563 4265 598 4320; x_wconf 83' lang='lat' dir='ltr'><strong>eh</strong></span> <span class='ocrx_word' id='word_1_630' title='bbox 613 4281 644 4320; x_wconf 93' lang='lat' dir='ltr'><strong>eo</strong></span> <span class='ocrx_word' id='word_1_631' title='bbox 668 4264 765 4320; x_wconf 88' lang='lat' dir='ltr'><strong>ordine</strong></span> <span class='ocrx_word' id='word_1_632' title='bbox 781 4279 928 4336; x_wconf 92' lang='lat' dir='ltr'><strong>parumper</strong></span> <span class='ocrx_word' id='word_1_633' title='bbox 982 4259 1034 4316; x_wconf 88' lang='lat' dir='ltr'><strong>eile</strong></span> <span class='ocrx_word' id='word_1_634' title='bbox 1049 4261 1231 4318; x_wconf 91' lang='lat' dir='ltr'><strong>consumitur.</strong></span> <span class='ocrx_word' id='word_1_635' title='bbox 1247 4261 1298 4316; x_wconf 90' lang='lat' dir='ltr'><strong>Per</strong></span> <span class='ocrx_word' id='word_1_636' title='bbox 1322 4260 1415 4316; x_wconf 88' lang='lat' dir='ltr'><strong>lenum</strong></span> <span class='ocrx_word' id='word_1_637' title='bbox 1431 4275 1497 4314; x_wconf 88' lang='lat' dir='ltr'><strong>vero</strong></span> <span class='ocrx_word' id='word_1_638' title='bbox 1513 4257 1601 4315; x_wconf 82' lang='lat' dir='ltr'><strong>viride</strong></span> <span class='ocrx_word' id='word_1_639' title='bbox 1620 4257 1710 4328; x_wconf 89' lang='lat' dir='ltr'><strong>electi,</strong></span> <span class='ocrx_word' id='word_1_640' title='bbox 1732 4274 1780 4334; x_wconf 90' lang='lat' dir='ltr'><strong>per</strong></span> 
     </span>
     <span class='ocr_line' id='line_1_76' title="bbox 124 4346 1779 4428; baseline -0.001 -24"><span class='ocrx_word' id='word_1_641' title='bbox 124 4348 294 4422; x_wconf 88' lang='lat' dir='ltr'><strong>discrepent.</strong></span> <span class='ocrx_word' id='word_1_642' title='bbox 310 4353 378 4409; x_wconf 87' lang='lat' dir='ltr'><strong>Nam</strong></span> <span class='ocrx_word' id='word_1_643' title='bbox 398 4354 523 4428; x_wconf 90' lang='lat' dir='ltr'><strong>superius</strong></span> <span class='ocrx_word' id='word_1_644' title='bbox 539 4369 586 4425; x_wconf 89' lang='lat' dir='ltr'><strong>per</strong></span> <span class='ocrx_word' id='word_1_645' title='bbox 602 4354 741 4427; x_wconf 89' lang='lat' dir='ltr'><strong>poderem,</strong></span> <span class='ocrx_word' id='word_1_646' title='bbox 759 4369 819 4426; x_wconf 80' lang='lat' dir='ltr'><strong>qum</strong></span> <span class='ocrx_word' id='word_1_647' title='bbox 836 4353 927 4409; x_wconf 89' lang='lat' dir='ltr'><strong>talaris</strong></span> <span class='ocrx_word' id='word_1_648' title='bbox 982 4348 1090 4405; x_wconf 91' lang='lat' dir='ltr'><strong>aridum</strong></span> <span class='ocrx_word' id='word_1_649' title='bbox 1114 4357 1204 4405; x_wconf 89' lang='lat' dir='ltr'><strong>antem</strong></span> <span class='ocrx_word' id='word_1_650' title='bbox 1231 4348 1339 4420; x_wconf 90' lang='lat' dir='ltr'><strong>reprobi</strong></span> <span class='ocrx_word' id='word_1_651' title='bbox 1355 4348 1542 4420; x_wconf 85' lang='lat' dir='ltr'><strong>designantur.</strong></span> <span class='ocrx_word' id='word_1_652' title='bbox 1563 4349 1601 4404; x_wconf 87' lang='lat' dir='ltr'><strong>De</strong></span> <span class='ocrx_word' id='word_1_653' title='bbox 1625 4346 1678 4404; x_wconf 94' lang='lat' dir='ltr'><strong>hoc</strong></span> <span class='ocrx_word' id='word_1_654' title='bbox 1701 4347 1779 4404; x_wconf 86' lang='lat' dir='ltr'><strong>arido</strong></span> 
     </span>
     <span class='ocr_line' id='line_1_77' title="bbox 124 4435 1778 4517; baseline -0.001 -21"><span class='ocrx_word' id='word_1_655' title='bbox 124 4447 167 4496; x_wconf 91' lang='lat' dir='ltr'><strong>est</strong></span> <span class='ocrx_word' id='word_1_656' title='bbox 188 4441 283 4497; x_wconf 86' lang='lat' dir='ltr'><strong>tunica</strong></span> <span class='ocrx_word' id='word_1_657' title='bbox 299 4442 370 4515; x_wconf 83' lang='lat' dir='ltr'><strong>(tlt),</strong></span> <span class='ocrx_word' id='word_1_658' title='bbox 385 4453 412 4500; x_wconf 90' lang='lat' dir='ltr'><strong>et</strong></span> <span class='ocrx_word' id='word_1_659' title='bbox 427 4444 501 4517; x_wconf 92' lang='lat' dir='ltr'><strong>prior</strong></span> <span class='ocrx_word' id='word_1_660' title='bbox 525 4446 553 4499; x_wconf 93' lang='lat' dir='ltr'><strong>in</strong></span> <span class='ocrx_word' id='word_1_661' title='bbox 569 4444 737 4500; x_wconf 90' lang='lat' dir='ltr'><strong>ornamentis</strong></span> <span class='ocrx_word' id='word_1_662' title='bbox 756 4443 867 4499; x_wconf 89' lang='lat' dir='ltr'><strong>Donrini</strong></span> <span class='ocrx_word' id='word_1_663' title='bbox 881 4461 926 4515; x_wconf 91' lang='lat' dir='ltr'><strong>po·</strong></span> <span class='ocrx_word' id='word_1_664' title='bbox 983 4441 1046 4496; x_wconf 86' lang='lat' dir='ltr'><strong>leno</strong></span> <span class='ocrx_word' id='word_1_665' title='bbox 1061 4440 1193 4513; x_wconf 91' lang='lat' dir='ltr'><strong>propheta</strong></span> <span class='ocrx_word' id='word_1_666' title='bbox 1205 4439 1272 4494; x_wconf 90' lang='lat' dir='ltr'><strong>dicit</strong></span> <span class='ocrx_word' id='word_1_667' title='bbox 1290 4457 1295 4494; x_wconf 94' lang='lat'>:</span> <span class='ocrx_word' id='word_1_668' title='bbox 1315 4462 1324 4486; x_wconf 78' lang='grc' dir='ltr'><strong>ι</strong></span> <span class='ocrx_word' id='word_1_669' title='bbox 1340 4439 1410 4496; x_wconf 87' lang='lat' dir='ltr'><strong>Vere</strong></span> <span class='ocrx_word' id='word_1_670' title='bbox 1421 4438 1515 4493; x_wconf 83' lang='lat' dir='ltr'><strong>fenum</strong></span> <span class='ocrx_word' id='word_1_671' title='bbox 1528 4435 1585 4509; x_wconf 89' lang='grc'>(93)</span> <span class='ocrx_word' id='word_1_672' title='bbox 1598 4445 1638 4494; x_wconf 87' lang='lat' dir='ltr'><strong>est</strong></span> <span class='ocrx_word' id='word_1_673' title='bbox 1651 4439 1778 4511; x_wconf 91' lang='lat' dir='ltr'><strong>populus.</strong></span> 
     </span>
     <span class='ocr_line' id='line_1_78' title="bbox 125 4503 1778 4606; baseline 0.002 -23"><span class='ocrx_word' id='word_1_674' title='bbox 125 4528 215 4597; x_wconf 91' lang='lat' dir='ltr'><strong>nitur,</strong></span> <span class='ocrx_word' id='word_1_675' title='bbox 242 4538 273 4586; x_wconf 92' lang='lat' dir='ltr'><strong>ut</strong></span> <span class='ocrx_word' id='word_1_676' title='bbox 300 4540 326 4588; x_wconf 92' lang='lat' dir='ltr'><strong>et</strong></span> <span class='ocrx_word' id='word_1_677' title='bbox 355 4533 383 4588; x_wconf 93' lang='lat' dir='ltr'><strong>in</strong></span> <span class='ocrx_word' id='word_1_678' title='bbox 411 4533 589 4606; x_wconf 86' lang='lat' dir='ltr'><strong>sequentihus</strong></span> <span class='ocrx_word' id='word_1_679' title='bbox 616 4547 663 4605; x_wconf 89' lang='lat' dir='ltr'><strong>per</strong></span> <span class='ocrx_word' id='word_1_680' title='bbox 692 4532 811 4604; x_wconf 91' lang='lat' dir='ltr'><strong>primurn</strong></span> <span class='ocrx_word' id='word_1_681' title='bbox 839 4503 1157 4589; x_wconf 75' lang='lat' dir='ltr'><strong>cornuDlixsiccatnm</strong></span> <span class='ocrx_word' id='word_1_682' title='bbox 1181 4537 1221 4586; x_wconf 88' lang='lat' dir='ltr'><strong>est</strong></span> <span class='ocrx_word' id='word_1_683' title='bbox 1237 4531 1379 4595; x_wconf 88' lang='lat' dir='ltr'><strong>lenum,et</strong></span> <span class='ocrx_word' id='word_1_684' title='bbox 1393 4526 1493 4584; x_wconf 88' lang='lat' dir='ltr'><strong>cecidit</strong></span> <span class='ocrx_word' id='word_1_685' title='bbox 1506 4527 1711 4586; x_wconf 87' lang='lat' dir='ltr'><strong>llus:verhum</strong></span> <span class='ocrx_word' id='word_1_686' title='bbox 1730 4546 1778 4586; x_wconf 89' lang='lat' dir='ltr'><strong>au·</strong></span> 
     </span>
     <span class='ocr_line' id='line_1_79' title="bbox 125 4616 1780 4692; baseline 0 -20"><span class='ocrx_word' id='word_1_687' title='bbox 125 4617 212 4688; x_wconf 87' lang='lat' dir='ltr'><strong>Agni,</strong></span> <span class='ocrx_word' id='word_1_688' title='bbox 233 4616 322 4689; x_wconf 90' lang='lat' dir='ltr'><strong>justos</strong></span> <span class='ocrx_word' id='word_1_689' title='bbox 337 4621 384 4692; x_wconf 86' lang='lat' dir='ltr'><strong>qui</strong></span> <span class='ocrx_word' id='word_1_690' title='bbox 409 4629 472 4678; x_wconf 91' lang='lat' dir='ltr'><strong>ante</strong></span> <span class='ocrx_word' id='word_1_691' title='bbox 494 4620 633 4678; x_wconf 88' lang='lat' dir='ltr'><strong>diluvium</strong></span> <span class='ocrx_word' id='word_1_692' title='bbox 658 4622 781 4690; x_wconf 83' lang='lat' dir='ltr'><strong>inerunt,</strong></span> <span class='ocrx_word' id='word_1_693' title='bbox 804 4621 928 4678; x_wconf 88' lang='lat' dir='ltr'><strong>diximus</strong></span> <span class='ocrx_word' id='word_1_694' title='bbox 982 4630 1035 4677; x_wconf 87' lang='lat' dir='ltr'><strong>torn</strong></span> <span class='ocrx_word' id='word_1_695' title='bbox 1053 4619 1164 4675; x_wconf 86' lang='grc' dir='ltr'>ιιοιιιιιιι</span> <span class='ocrx_word' id='word_1_696' title='bbox 1180 4625 1272 4673; x_wconf 90' lang='lat' dir='ltr'><strong>manet</strong></span> <span class='ocrx_word' id='word_1_697' title='bbox 1286 4616 1455 4673; x_wconf 82' lang='lat' dir='ltr'><strong>inaternum</strong></span> <span class='ocrx_word' id='word_1_698' title='bbox 1472 4618 1539 4689; x_wconf 82' lang='lat' dir='ltr'><strong>(leo.</strong></span> <span class='ocrx_word' id='word_1_699' title='bbox 1551 4634 1597 4686; x_wconf 83' lang='lat' dir='ltr'><strong>xl,</strong></span> <span class='ocrx_word' id='word_1_700' title='bbox 1614 4619 1639 4686; x_wconf 92' lang='grc'><strong>7,</strong></span> <span class='ocrx_word' id='word_1_701' title='bbox 1652 4618 1714 4688; x_wconf 79' lang='grc'><strong>8);»</strong></span> <span class='ocrx_word' id='word_1_702' title='bbox 1732 4635 1780 4691; x_wconf 83' lang='grc' dir='ltr'><strong>ρει</strong></span> 
     </span>
     <span class='ocr_line' id='line_1_80' title="bbox 124 4709 1778 4787; baseline 0.001 -22"><span class='ocrx_word' id='word_1_703' title='bbox 124 4709 215 4767; x_wconf 84' lang='lat' dir='ltr'><strong>fuisse</strong></span> <span class='ocrx_word' id='word_1_704' title='bbox 238 4711 393 4785; x_wconf 89' lang='lat' dir='ltr'><strong>designatos</strong></span> <span class='ocrx_word' id='word_1_705' title='bbox 410 4731 416 4770; x_wconf 94' lang='lat'>:</span> <span class='ocrx_word' id='word_1_706' title='bbox 434 4731 481 4787; x_wconf 91' lang='grc' dir='ltr'><strong>ρει</strong></span> <span class='ocrx_word' id='word_1_707' title='bbox 503 4731 680 4772; x_wconf 77' lang='lat' dir='ltr'><strong>zonemvero</strong></span> <span class='ocrx_word' id='word_1_708' title='bbox 698 4715 851 4772; x_wconf 89' lang='lat' dir='ltr'><strong>aureamin</strong></span> <span class='ocrx_word' id='word_1_709' title='bbox 868 4732 927 4771; x_wconf 89' lang='lat' dir='ltr'><strong>cor·</strong></span> <span class='ocrx_word' id='word_1_710' title='bbox 982 4713 1076 4768; x_wconf 85' lang='lat' dir='ltr'><strong>lenum</strong></span> <span class='ocrx_word' id='word_1_711' title='bbox 1090 4711 1175 4784; x_wconf 88' lang='lat' dir='ltr'><strong>igitur</strong></span> <span class='ocrx_word' id='word_1_712' title='bbox 1196 4711 1294 4780; x_wconf 83' lang='lat' dir='ltr'><strong>viride,</strong></span> <span class='ocrx_word' id='word_1_713' title='bbox 1318 4709 1403 4782; x_wconf 91' lang='lat' dir='ltr'><strong>liqui</strong></span> <span class='ocrx_word' id='word_1_714' title='bbox 1425 4709 1479 4766; x_wconf 85' lang='lat' dir='ltr'><strong>lide</strong></span> <span class='ocrx_word' id='word_1_715' title='bbox 1501 4717 1579 4765; x_wconf 90' lang='lat' dir='ltr'><strong>erant</strong></span> <span class='ocrx_word' id='word_1_716' title='bbox 1601 4709 1685 4766; x_wconf 82' lang='lat' dir='ltr'><strong>viridi</strong></span> <span class='ocrx_word' id='word_1_717' title='bbox 1708 4709 1778 4766; x_wconf 89' lang='lat' dir='ltr'><strong>desi·</strong></span> 
     </span>
     <span class='ocr_line' id='line_1_81' title="bbox 128 4797 1780 4879; baseline -0.001 -22"><span class='ocrx_word' id='word_1_718' title='bbox 128 4819 196 4875; x_wconf 89' lang='lat' dir='ltr'><strong>pore</strong></span> <span class='ocrx_word' id='word_1_719' title='bbox 212 4801 326 4871; x_wconf 88' lang='lat' dir='ltr'><strong>Christi,</strong></span> <span class='ocrx_word' id='word_1_720' title='bbox 343 4812 369 4859; x_wconf 91' lang='lat' dir='ltr'><strong>et</strong></span> <span class='ocrx_word' id='word_1_721' title='bbox 384 4821 432 4876; x_wconf 91' lang='lat' dir='ltr'><strong>per</strong></span> <span class='ocrx_word' id='word_1_722' title='bbox 445 4806 595 4862; x_wconf 89' lang='lat' dir='ltr'><strong>secundum</strong></span> <span class='ocrx_word' id='word_1_723' title='bbox 616 4822 700 4862; x_wconf 91' lang='lat' dir='ltr'><strong>cornu</strong></span> <span class='ocrx_word' id='word_1_724' title='bbox 716 4805 886 4879; x_wconf 88' lang='lat' dir='ltr'><strong>patriarchas</strong></span> <span class='ocrx_word' id='word_1_725' title='bbox 900 4811 927 4860; x_wconf 91' lang='lat' dir='ltr'><strong>et</strong></span> <span class='ocrx_word' id='word_1_726' title='bbox 982 4812 1110 4878; x_wconf 90' lang='lat' dir='ltr'><strong>guantur,</strong></span> <span class='ocrx_word' id='word_1_727' title='bbox 1126 4803 1173 4876; x_wconf 91' lang='lat' dir='ltr'><strong>qui</strong></span> <span class='ocrx_word' id='word_1_728' title='bbox 1196 4818 1276 4859; x_wconf 92' lang='lat' dir='ltr'><strong>omne</strong></span> <span class='ocrx_word' id='word_1_729' title='bbox 1296 4799 1369 4874; x_wconf 87' lang='lat' dir='ltr'><strong>quod</strong></span> <span class='ocrx_word' id='word_1_730' title='bbox 1382 4800 1411 4856; x_wconf 93' lang='lat' dir='ltr'><strong>in</strong></span> <span class='ocrx_word' id='word_1_731' title='bbox 1430 4816 1462 4856; x_wconf 86' lang='lat' dir='ltr'><strong>se</strong></span> <span class='ocrx_word' id='word_1_732' title='bbox 1473 4797 1620 4872; x_wconf 88' lang='lat' dir='ltr'><strong>reprobum</strong></span> <span class='ocrx_word' id='word_1_733' title='bbox 1636 4801 1700 4869; x_wconf 84' lang='lat' dir='ltr'><strong>init,</strong></span> <span class='ocrx_word' id='word_1_734' title='bbox 1716 4798 1780 4871; x_wconf 91' lang='lat' dir='ltr'><strong>igne</strong></span> 
     </span>
     <span class='ocr_line' id='line_1_82' title="bbox 123 4892 1359 4965; baseline 0 -17"><span class='ocrx_word' id='word_1_735' title='bbox 123 4898 241 4948; x_wconf 77' lang='lat' dir='ltr'><strong>caeterus</strong></span> <span class='ocrx_word' id='word_1_736' title='bbox 264 4893 392 4964; x_wconf 89' lang='lat' dir='ltr'><strong>quiante</strong></span> <span class='ocrx_word' id='word_1_737' title='bbox 417 4892 502 4965; x_wconf 84' lang='lat' dir='ltr'><strong>legem</strong></span> <span class='ocrx_word' id='word_1_738' title='bbox 527 4895 640 4950; x_wconf 89' lang='lat' dir='ltr'><strong>luerunt</strong></span> <span class='ocrx_word' id='word_1_739' title='bbox 665 4913 671 4950; x_wconf 91' lang='lat'>:</span> <span class='ocrx_word' id='word_1_740' title='bbox 697 4895 741 4950; x_wconf 89' lang='lat' dir='ltr'><strong>hic</strong></span> <span class='ocrx_word' id='word_1_741' title='bbox 764 4903 856 4950; x_wconf 92' lang='lat' dir='ltr'><strong>autem</strong></span> <span class='ocrx_word' id='word_1_742' title='bbox 881 4910 928 4964; x_wconf 87' lang='lat' dir='ltr'><strong>per</strong></span> <span class='ocrx_word' id='word_1_743' title='bbox 982 4893 1124 4950; x_wconf 86' lang='lat' dir='ltr'><strong>charitatis</strong></span> <span class='ocrx_word' id='word_1_744' title='bbox 1141 4893 1359 4950; x_wconf 88' lang='lat' dir='ltr'><strong>combusserunt.</strong></span> 
     </span>
    </p>

    <p class='ocr_par' dir='ltr' id='par_1_17' title="bbox 123 4979 1779 5238">
     <span class='ocr_line' id='line_1_83' title="bbox 123 4979 1778 5058; baseline 0.001 -23"><span class='ocrx_word' id='word_1_745' title='bbox 123 4979 248 5054; x_wconf 89' lang='lat' dir='ltr'><strong>primum</strong></span> <span class='ocrx_word' id='word_1_746' title='bbox 260 4984 387 5054; x_wconf 85' lang='lat' dir='ltr'><strong>angelum</strong></span> <span class='ocrx_word' id='word_1_747' title='bbox 399 4982 525 5040; x_wconf 87' lang='lat' dir='ltr'><strong>doctores</strong></span> <span class='ocrx_word' id='word_1_748' title='bbox 535 4983 581 5058; x_wconf 92' lang='lat' dir='ltr'><strong>qui</strong></span> <span class='ocrx_word' id='word_1_749' title='bbox 593 4985 627 5040; x_wconf 96' lang='lat' dir='ltr'><strong>ah</strong></span> <span class='ocrx_word' id='word_1_750' title='bbox 637 4983 718 5040; x_wconf 92' lang='lat' dir='ltr'><strong>initio</strong></span> <span class='ocrx_word' id='word_1_751' title='bbox 730 4984 826 5040; x_wconf 81' lang='lat' dir='ltr'><strong>inundi</strong></span> <span class='ocrx_word' id='word_1_752' title='bbox 841 4999 928 5057; x_wconf 88' lang='lat' dir='ltr'><strong>usque</strong></span> <span class='ocrx_word' id='word_1_753' title='bbox 1019 4986 1109 5058; x_wconf 92' lang='lat' dir='ltr'><strong>(Vers.</strong></span> <span class='ocrx_word' id='word_1_754' title='bbox 1134 4985 1175 5055; x_wconf 87' lang='lat'><strong>8.)</strong></span> <span class='ocrx_word' id='word_1_755' title='bbox 1199 4986 1235 5046; x_wconf 82' lang='grc' dir='ltr'><strong>Ει</strong></span> <span class='ocrx_word' id='word_1_756' title='bbox 1255 4983 1382 5038; x_wconf 72' lang='lat' dir='ltr'><strong>recitandus</strong></span> <span class='ocrx_word' id='word_1_757' title='bbox 1395 4983 1503 5053; x_wconf 80' lang='lat' dir='ltr'><strong>angelus</strong></span> <span class='ocrx_word' id='word_1_758' title='bbox 1526 4983 1588 5037; x_wconf 86' lang='lat' dir='ltr'><strong>tulo</strong></span> <span class='ocrx_word' id='word_1_759' title='bbox 1610 4982 1709 5038; x_wconf 81' lang='lat' dir='ltr'><strong>cecinit.</strong></span> <span class='ocrx_word' id='word_1_760' title='bbox 1727 4980 1778 5036; x_wconf 86' lang='lat' dir='ltr'><strong>Per</strong></span> 
     </span>
     <span class='ocr_line' id='line_1_84' title="bbox 123 5069 1778 5148; baseline -0.002 -20"><span class='ocrx_word' id='word_1_761' title='bbox 123 5069 160 5128; x_wconf 91' lang='lat' dir='ltr'><strong>ad</strong></span> <span class='ocrx_word' id='word_1_762' title='bbox 190 5070 277 5143; x_wconf 90' lang='lat' dir='ltr'><strong>legem</strong></span> <span class='ocrx_word' id='word_1_763' title='bbox 302 5071 423 5142; x_wconf 86' lang='lat' dir='ltr'><strong>luerunt,</strong></span> <span class='ocrx_word' id='word_1_764' title='bbox 452 5089 501 5147; x_wconf 92' lang='lat' dir='ltr'><strong>per</strong></span> <span class='ocrx_word' id='word_1_765' title='bbox 529 5073 679 5132; x_wconf 89' lang='lat' dir='ltr'><strong>secuudum</strong></span> <span class='ocrx_word' id='word_1_766' title='bbox 707 5075 832 5132; x_wconf 89' lang='lat' dir='ltr'><strong>doctores</strong></span> <span class='ocrx_word' id='word_1_767' title='bbox 861 5073 928 5148; x_wconf 87' lang='lat' dir='ltr'><strong>legis</strong></span> <span class='ocrx_word' id='word_1_768' title='bbox 982 5075 1132 5132; x_wconf 90' lang='lat' dir='ltr'><strong>secundum</strong></span> <span class='ocrx_word' id='word_1_769' title='bbox 1148 5075 1273 5148; x_wconf 89' lang='lat' dir='ltr'><strong>angelum</strong></span> <span class='ocrx_word' id='word_1_770' title='bbox 1297 5074 1404 5145; x_wconf 86' lang='lat' dir='ltr'><strong>hloyses</strong></span> <span class='ocrx_word' id='word_1_771' title='bbox 1417 5080 1445 5129; x_wconf 91' lang='lat' dir='ltr'><strong>et</strong></span> <span class='ocrx_word' id='word_1_772' title='bbox 1459 5072 1551 5129; x_wconf 79' lang='lat' dir='ltr'><strong>caeteri</strong></span> <span class='ocrx_word' id='word_1_773' title='bbox 1566 5072 1634 5146; x_wconf 89' lang='lat' dir='ltr'><strong>legis</strong></span> <span class='ocrx_word' id='word_1_774' title='bbox 1653 5071 1778 5128; x_wconf 89' lang='lat' dir='ltr'><strong>doctores</strong></span> 
     </span>
     <span class='ocr_line' id='line_1_85' title="bbox 124 5161 1779 5238; baseline -0.002 -20"><span class='ocrx_word' id='word_1_775' title='bbox 124 5161 317 5234; x_wconf 89' lang='lat' dir='ltr'><strong>designantur.</strong></span> <span class='ocrx_word' id='word_1_776' title='bbox 981 5163 1169 5238; x_wconf 87' lang='lat' dir='ltr'><strong>designantur.</strong></span> <span class='ocrx_word' id='word_1_777' title='bbox 1188 5165 1225 5221; x_wconf 81' lang='lat' dir='ltr'><strong>lit</strong></span> <span class='ocrx_word' id='word_1_778' title='bbox 1239 5180 1292 5220; x_wconf 83' lang='lat' dir='ltr'><strong>ecee</strong></span> <span class='ocrx_word' id='word_1_779' title='bbox 1306 5169 1432 5235; x_wconf 85' lang='lat' dir='ltr'><strong>tuaquom</strong></span> <span class='ocrx_word' id='word_1_780' title='bbox 1446 5179 1521 5220; x_wconf 81' lang='lat' dir='ltr'><strong>moris</strong></span> <span class='ocrx_word' id='word_1_781' title='bbox 1535 5178 1647 5235; x_wconf 73' lang='grc' dir='ltr'>ιιιαριιιιι</span> <span class='ocrx_word' id='word_1_782' title='bbox 1661 5161 1719 5232; x_wconf 79' lang='lat' dir='ltr'><strong>igne</strong></span> <span class='ocrx_word' id='word_1_783' title='bbox 1731 5175 1779 5214; x_wconf 87' lang='lat' dir='ltr'><strong>ur·</strong></span> 
     </span>
    </p>
   </div>
   <div class='ocr_carea' id='block_1_14' title="bbox 127 5340 1777 5498">
    <p class='ocr_par' dir='ltr' id='par_1_18' title="bbox 127 5340 1777 5498">
     <span class='ocr_line' id='line_1_86' title="bbox 163 5340 1309 5424; baseline -0.006 -22"><span class='ocrx_word' id='word_1_784' title='bbox 163 5341 225 5416; x_wconf 88' lang='grc'>(90)</span> <span class='ocrx_word' id='word_1_785' title='bbox 241 5341 345 5402; x_wconf 87' lang='lat' dir='ltr'><strong>Codex.</strong></span> <span class='ocrx_word' id='word_1_786' title='bbox 360 5343 465 5415; x_wconf 82' lang='lat' dir='ltr'><strong>Germ,</strong></span> <span class='ocrx_word' id='word_1_787' title='bbox 479 5343 632 5420; x_wconf 74' lang='lat' dir='ltr'><strong>efficiemur,</strong></span> <span class='ocrx_word' id='word_1_788' title='bbox 649 5345 706 5418; x_wconf 81' lang='lat' dir='ltr'><strong>ipso</strong></span> <span class='ocrx_word' id='word_1_789' title='bbox 717 5343 871 5416; x_wconf 70' lang='grc' dir='ltr'>ιιιιιιιιιειιιε,</span> <span class='ocrx_word' id='word_1_790' title='bbox 883 5347 930 5418; x_wconf 87' lang='lat' dir='ltr'><strong>qui</strong></span> <span class='ocrx_word' id='word_1_791' title='bbox 982 5340 1061 5398; x_wconf 76' lang='lat' dir='ltr'><strong>aiendi</strong></span> <span class='ocrx_word' id='word_1_792' title='bbox 1075 5347 1145 5399; x_wconf 84' lang='lat' dir='ltr'><strong>sunt.</strong></span> <span class='ocrx_word' id='word_1_793' title='bbox 1304 5412 1309 5424; x_wconf 27' lang='grc' dir='ltr'>υ</span> 
     </span>
     <span class='ocr_line' id='line_1_87' title="bbox 127 5404 1777 5498; baseline -0.005 -28"><span class='ocrx_word' id='word_1_794' title='bbox 127 5415 195 5470; x_wconf 83' lang='lat' dir='ltr'><strong>uiuit</strong></span> <span class='ocrx_word' id='word_1_795' title='bbox 214 5421 239 5470; x_wconf 87' lang='lat' dir='ltr'><strong>et</strong></span> <span class='ocrx_word' id='word_1_796' title='bbox 261 5422 353 5498; x_wconf 75' lang='lat' dir='ltr'><strong>reparat</strong></span> <span class='ocrx_word' id='word_1_797' title='bbox 377 5435 436 5472; x_wconf 86' lang='grc' dir='ltr'>ιιιιιι</span> <span class='ocrx_word' id='word_1_798' title='bbox 458 5417 513 5475; x_wconf 85' lang='lat' dir='ltr'><strong>Deo</strong></span> <span class='ocrx_word' id='word_1_799' title='bbox 536 5419 617 5475; x_wconf 87' lang='lat' dir='ltr'><strong>Putre</strong></span> <span class='ocrx_word' id='word_1_800' title='bbox 640 5418 667 5472; x_wconf 86' lang='grc' dir='ltr'><strong>ιιι</strong></span> <span class='ocrx_word' id='word_1_801' title='bbox 691 5418 792 5473; x_wconf 82' lang='lat' dir='ltr'><strong>unitate</strong></span> <span class='ocrx_word' id='word_1_802' title='bbox 812 5418 929 5490; x_wconf 81' lang='lat' dir='ltr'><strong>Spiritus</strong></span> <span class='ocrx_word' id='word_1_803' title='bbox 1019 5415 1077 5486; x_wconf 89' lang='grc'>(93)</span> <span class='ocrx_word' id='word_1_804' title='bbox 1098 5415 1138 5470; x_wconf 81' lang='grc' dir='ltr'><strong>ιιι</strong></span> <span class='ocrx_word' id='word_1_805' title='bbox 1155 5430 1241 5481; x_wconf 87' lang='lat' dir='ltr'><strong>mss.;</strong></span> <span class='ocrx_word' id='word_1_806' title='bbox 1266 5411 1335 5470; x_wconf 85' lang='lat' dir='ltr'><strong>edit.</strong></span> <span class='ocrx_word' id='word_1_807' title='bbox 1358 5429 1434 5481; x_wconf 87' lang='lat' dir='ltr'><strong>vero,</strong></span> <span class='ocrx_word' id='word_1_808' title='bbox 1459 5416 1498 5466; x_wconf 81' lang='grc' dir='ltr'><strong>ιιι</strong></span> <span class='ocrx_word' id='word_1_809' title='bbox 1516 5409 1641 5482; x_wconf 85' lang='grc' dir='ltr'>ροριιιιιι.</span> <span class='ocrx_word' id='word_1_810' title='bbox 1664 5407 1718 5463; x_wconf 82' lang='grc' dir='ltr'><strong>Ρει</strong></span> <span class='ocrx_word' id='word_1_811' title='bbox 1740 5404 1756 5477; x_wconf 72' lang='lat' dir='ltr'><strong><em>s</em></strong></span> <span class='ocrx_word' id='word_1_812' title='bbox 1767 5437 1777 5449; x_wconf 94' lang='lat'>·</span> 
     </span>
    </p>
   </div>
   <div class='ocr_carea' id='block_1_15' title="bbox 981 5477 1777 5628">
    <p class='ocr_par' dir='ltr' id='par_1_19' title="bbox 981 5477 1777 5628">
     <span class='ocr_line' id='line_1_88' title="bbox 982 5477 1777 5614; baseline -0.01 -73"><span class='ocrx_word' id='word_1_813' title='bbox 982 5487 1148 5614; x_wconf 53' lang='grc' dir='ltr'>ιιιιιιιιιριιιιι</span> <span class='ocrx_word' id='word_1_814' title='bbox 1170 5485 1267 5552; x_wconf 83' lang='lat' dir='ltr'><strong>uiride,</strong></span> <span class='ocrx_word' id='word_1_815' title='bbox 1291 5485 1312 5540; x_wconf 84' lang='lat' dir='ltr'><strong>ii</strong></span> <span class='ocrx_word' id='word_1_816' title='bbox 1338 5484 1385 5556; x_wconf 86' lang='lat' dir='ltr'><strong>qui</strong></span> <span class='ocrx_word' id='word_1_817' title='bbox 1407 5483 1495 5554; x_wconf 70' lang='lat' dir='ltr'><strong>fideles</strong></span> <span class='ocrx_word' id='word_1_818' title='bbox 1517 5485 1595 5536; x_wconf 77' lang='grc' dir='ltr'>ειειιι</span> <span class='ocrx_word' id='word_1_819' title='bbox 1616 5477 1679 5547; x_wconf 75' lang='lat' dir='ltr'><strong>uiri,</strong></span> <span class='ocrx_word' id='word_1_820' title='bbox 1703 5477 1777 5534; x_wconf 77' lang='lat' dir='ltr'><strong>deai-</strong></span> 
     </span>
     <span class='ocr_line' id='line_1_89' title="bbox 981 5574 1106 5628; baseline -0.008 -15"><span class='ocrx_word' id='word_1_821' title='bbox 981 5574 1051 5628; x_wconf 83' lang='lat' dir='ltr'><strong>pnun</strong></span> <span class='ocrx_word' id='word_1_822' title='bbox 1065 5574 1106 5613; x_wconf 86' lang='grc' dir='ltr'>ιιι.</span> 
     </span>
    </p>
   </div>
   <div class='ocr_carea' id='block_1_16' title="bbox 125 5487 928 5703">
    <p class='ocr_par' dir='ltr' id='par_1_20' title="bbox 125 5487 928 5703">
     <span class='ocr_line' id='line_1_90' title="bbox 125 5487 839 5559; baseline 0.004 -17"><span class='ocrx_word' id='word_1_823' title='bbox 125 5487 214 5542; x_wconf 78' lang='lat' dir='ltr'><strong>suncti</strong></span> <span class='ocrx_word' id='word_1_824' title='bbox 225 5504 274 5559; x_wconf 85' lang='lat' dir='ltr'><strong>per</strong></span> <span class='ocrx_word' id='word_1_825' title='bbox 287 5489 452 5544; x_wconf 74' lang='lat' dir='ltr'><strong>immortalia</strong></span> <span class='ocrx_word' id='word_1_826' title='bbox 463 5491 559 5544; x_wconf 79' lang='lat' dir='ltr'><strong>sucula</strong></span> <span class='ocrx_word' id='word_1_827' title='bbox 573 5491 739 5558; x_wconf 80' lang='lat' dir='ltr'><strong>seculorum,</strong></span> <span class='ocrx_word' id='word_1_828' title='bbox 753 5505 839 5545; x_wconf 85' lang='lat' dir='ltr'><strong>umen.</strong></span> 
     </span>
     <span class='ocr_line' id='line_1_91' title="bbox 165 5557 802 5630; baseline 0 -14"><span class='ocrx_word' id='word_1_829' title='bbox 165 5557 212 5628; x_wconf 89' lang='grc' dir='ltr'><strong>(9ι</strong></span> <span class='ocrx_word' id='word_1_830' title='bbox 244 5559 308 5626; x_wconf 77' lang='grc' dir='ltr'>(ιειιι</span> <span class='ocrx_word' id='word_1_831' title='bbox 323 5561 419 5616; x_wconf 76' lang='lat' dir='ltr'><strong>tuturis</strong></span> <span class='ocrx_word' id='word_1_832' title='bbox 435 5568 472 5616; x_wconf 79' lang='lat' dir='ltr'><strong>eat</strong></span> <span class='ocrx_word' id='word_1_833' title='bbox 487 5561 586 5630; x_wconf 83' lang='lat' dir='ltr'><strong>tunice,</strong></span> <span class='ocrx_word' id='word_1_834' title='bbox 602 5559 678 5618; x_wconf 88' lang='lat' dir='ltr'><strong>deest</strong></span> <span class='ocrx_word' id='word_1_835' title='bbox 693 5560 721 5616; x_wconf 91' lang='lat' dir='ltr'><strong>in</strong></span> <span class='ocrx_word' id='word_1_836' title='bbox 737 5577 802 5618; x_wconf 90' lang='lat' dir='ltr'><strong>mss.</strong></span> 
     </span>
     <span class='ocr_line' id='line_1_92' title="bbox 164 5629 928 5703; baseline 0 -16"><span class='ocrx_word' id='word_1_837' title='bbox 164 5631 214 5703; x_wconf 77' lang='lat'><strong>(92</strong></span> <span class='ocrx_word' id='word_1_838' title='bbox 243 5629 331 5702; x_wconf 79' lang='lat' dir='ltr'><strong>Edit,</strong></span> <span class='ocrx_word' id='word_1_839' title='bbox 345 5632 460 5690; x_wconf 72' lang='lat' dir='ltr'><strong>suasisse</strong></span> <span class='ocrx_word' id='word_1_840' title='bbox 472 5633 559 5690; x_wconf 85' lang='lat' dir='ltr'><strong>conati</strong></span> <span class='ocrx_word' id='word_1_841' title='bbox 573 5637 654 5700; x_wconf 81' lang='lat' dir='ltr'><strong>aurrt;</strong></span> <span class='ocrx_word' id='word_1_842' title='bbox 669 5649 734 5690; x_wconf 88' lang='lat' dir='ltr'><strong>mss.</strong></span> <span class='ocrx_word' id='word_1_843' title='bbox 748 5631 862 5690; x_wconf 81' lang='grc' dir='ltr'>ιιιειιεεε</span> <span class='ocrx_word' id='word_1_844' title='bbox 875 5648 928 5688; x_wconf 87' lang='lat' dir='ltr'><strong>cre·</strong></span> 
     </span>
    </p>
   </div>
   <div class='ocr_carea' id='block_1_17' title="bbox 0 0 2024 6166">
    <p class='ocr_par' dir='ltr' id='par_1_21' title="bbox 0 0 2024 6166">
     <span class='ocr_line' id='line_1_93' title="bbox 0 0 2024 6166; baseline 0 0"><span class='ocrx_word' id='word_1_845' title='bbox 0 0 2024 6166; x_wconf 95' lang='lat' dir='ltr'><strong> </strong></span> 
     </span>
    </p>
   </div>
  </div>
 </body>
</html>
