4038 6168
261 339 318 399 979
773 338 823 396 AD
841 336 960 396 OPERA
977 335 1006 394 S.
1026 333 1193 396 Auehosfl
1207 333 1398 394 APPENDIX.
1833 348 1877 406 luo

260 466 428 528 Antiohristi
447 463 534 524 futuri
544 473 623 533 sunt;
640 461 828 538 prudioahunt
838 461 912 520 euim
923 469 957 520 ut
970 462 1066 519 nullus
1080 464 1106 524 A
1155 462 1257 518 Amorlo
1278 459 1339 532 jam
1365 458 1429 517 dieii
1455 456 1577 532 spiritis,
1593 463 1623 513 ul
1635 459 1808 531 requiescente
1820 469 1875 528 hio.

261 554 466 615 Antichristnm
508 553 612 622 odoret,
640 569 729 628 neque
759 553 793 610 ad
830 551 890 626 ejus
916 551 1063 626 pessimam
1118 549 1192 607 ritus
1217 550 1282 608 suis.
1307 549 1426 621 Amodo,
1441 549 1470 606 id
1496 557 1547 618 est,
1566 563 1584 605 s
1606 555 1720 622 tempore
1740 555 1878 618 mortisue

262 647 417 705 doctrinam
437 659 517 700 eures
535 643 627 701 oordis
649 643 848 713 aooommodet,
869 658 958 715 neque
981 657 1064 715 opera
1121 643 1294 719 requiescent
1318 643 1405 700 suuoti
1431 658 1447 700 a
1472 640 1613 699 laboribus
1635 643 1697 700 suis.
1723 645 1800 716 Opere
1823 652 1878 708 mim

263 733 323 807 ejus
336 734 482 789 imitetur:
500 733 573 806 quod
593 733 616 790 si
630 733 693 806 quis
713 732 821 802 feeerit,
836 739 967 806 perpetua
982 746 1063 804 poena
1118 734 1229 791 illorum
1267 741 1413 804 sequuntur
1443 733 1515 790 illos.
1549 732 1688 801 Quomodo
1714 742 1878 810 sequunturt

263 840 325 880 eum
340 839 398 879 esse
412 823 599 880 damnandum
613 822 799 882 testabuntur.
824 823 876 880 Per
894 821 991 879 viuum
1014 822 1062 880 irae
1118 822 1214 878 Nonne
1235 818 1395 880 Cornelium
1418 835 1501 894 opere
1523 837 1572 878 sua
1596 833 1784 895 promiserant,
1804 827 1878 886 euiah

261 912 312 970 Dei
320 912 461 969 damnatio
471 913 645 985 ultimaque
656 913 685 970 in
696 913 740 969 die
746 911 847 985 judieii
856 911 950 985 impiis
959 911 1060 984 irroga·
1117 910 1215 985 angelo
1230 909 1407 967 dictumest:
1435 933 1445 958 ‹
1463 909 1609 968 Orationes
1625 920 1675 969 tue
1688 921 1714 970 et
1726 915 1878 990 eleemosyuu

260 1003 338 1062 hitnr
348 1002 522 1076 designatur:
535 1021 640 1061 merum
652 1013 743 1062 autem
754 1023 853 1079 purum
868 1005 998 1063 dioimus.
1010 1006 1062 1062 Per
1116 1007 1170 1056 tuae
1185 1005 1408 1056 commemoratas
1424 1007 1490 1056 sunt
1509 999 1538 1055 iu
1561 1010 1706 1074 eonspeotu
1724 1003 1769 1060 Dei
1782 1005 1878 1076 (Aetx,

263 1109 369 1150 merum
395 1094 479 1166 igitur
500 1091 610 1167 justitia
624 1093 674 1152 Dei
698 1094 867 1168 designatur,
884 1112 932 1168 per
946 1095 1059 1153 oalioem
1116 1086 1173 1160 il?
1192 1111 1202 1136 ²
1223 1086 1277 1143 Sed
1291 1087 1365 1158 witti
1379 1103 1428 1160 pro
1442 1087 1569 1146 wmitati
1584 1089 1691 1160 potuim
1707 1107 1765 1147 nem
1778 1100 1802 1149 tt
1815 1109 1880 1150 euer-

259 1199 326 1240 uero
339 1182 477 1256 judioium
493 1183 543 1240 Dei
560 1183 683 1256 eooipere
702 1199 857 1256 possumus.
875 1185 978 1242 Vinum
1003 1185 1061 1242 ita-
1116 1179 1188 1236 oitus
1202 1177 1247 1252 qui
1262 1193 1353 1250 regem
1371 1177 1528 1248 eomitntnr,
1544 1194 1607 1235 eum
1622 1179 1697 1252 sequi
1710 1179 1817 1252 dicitur;
1832 1201 1880 1241 oum

261 1287 314 1346 que
329 1270 443 1328 mistum
458 1278 499 1328 est
514 1288 589 1328 mero
609 1272 637 1328 in
653 1272 738 1330 salise
752 1272 802 1329 Dei
814 1291 822 1342 ;
834 1273 900 1346 quia
917 1273 1061 1332 damnatio
1119 1268 1167 1323 alii
1182 1265 1342 1339 procedent,
1358 1265 1407 1323 aiii
1421 1273 1582 1340 sequantur,
1592 1266 1641 1324 alii
1652 1267 1685 1324 ad
1694 1268 1880 1340 deuteromio

259 1361 370 1430 ultima,
395 1375 449 1434 qua
472 1360 552 1434 impii
572 1361 789 1432 damnabuntur,
812 1364 894 1420 misto
920 1363 974 1421 erit
996 1380 1059 1421 oum
1116 1353 1257 1412 sinistram
1273 1355 1413 1412 incedant.
1428 1355 1516 1429 Opere
1529 1354 1615 1430 igitur
1625 1365 1775 1414 senotomm
1788 1375 1881 1432 sequun-

256 1450 366 1525 justitio
381 1449 410 1508 in
430 1450 516 1508 celius
529 1450 590 1520 Dei,
617 1451 646 1508 id
671 1459 721 1522 est,
738 1451 768 1509 in
789 1451 897 1526 jndicio
911 1455 980 1523 Dei;
997 1453 1062 1528 quia
1116 1445 1431 1520 turillos3quiameroes
1443 1463 1555 1521 opernm
1570 1447 1682 1504 illorum
1693 1449 1881 1507 comitaturillos

259 1541 416 1614 justissimo
440 1540 492 1598 Dei
514 1540 623 1614 judicio
647 1541 815 1615 periioietur.
846 1541 946 1599 Bihent
975 1542 1061 1616 igitur
1116 1536 1147 1594 in
1164 1546 1338 1610 perpetuum.
1355 1537 1505 1595 Possumus
1524 1545 1551 1594 et
1567 1535 1622 1594 hoo
1638 1535 1672 1593 de
1686 1535 1740 1593 illis
1752 1538 1882 1610 spiritaliter

259 1629 340 1702 impii
355 1629 512 1687 vinumirae
524 1629 586 1699 Dei,
601 1645 664 1687 oum
679 1629 737 1686 illis
752 1630 883 1688 dioetur:
907 1631 981 1700 «ite,
1003 1647 1058 1688 ma·
1116 1625 1271 1700 intelligere
1289 1627 1337 1700 qui
1362 1627 1534 1701 temporibus
1556 1625 1721 1685 Antichristi
1741 1627 1882 1699 pronomine

259 1719 366 1790 ledioti,
382 1720 517 1794 inignem
532 1727 677 1789 eternum,
692 1719 739 1793 qui
755 1729 924 1792 praeparatus
940 1730 982 1779 est
999 1721 1058 1795 (32)
1114 1715 1228 1774 Domini
1243 1716 1407 1773 nostri-lesu
1421 1715 1526 1775 Christi
1541 1714 1726 1774 interficiendi
1739 1722 1797 1772 sunt
1809 1733 1815 1781 ;
1827 1715 1882 1773 herti

259 1807 371 1866 diaholo
381 1815 408 1865 et
421 1809 526 1882 angelis
539 1807 600 1881 ejus
615 1807 723 1881 (Molli.
738 1824 809 1880 xxv,
826 1807 910 1881 hi).-
1073 1827 1098 1889 Β
1115 1808 1216 1882 quippe
1235 1816 1316 1866 erunt
1332 1807 1385 1877 illi,
1402 1815 1429 1864 el
1444 1807 1474 1863 in
1487 1806 1609 1864 Domino
1625 1805 1781 1876 morientur,
1790 1807 1830 1880 qui
1845 1824 1882 1879 pro

297 1905 389 1978 (Vere.
405 1904 464 1978 ii.)
479 1907 518 1963 Et
531 1905 696 1962 cruciabitur
706 1907 765 1980 ique
778 1913 803 1963 et
816 1907 942 1980 sulphure
959 1907 988 1964 in
1002 1924 1060 1964 eorr-
1119 1898 1173 1955 fide
1197 1897 1310 1955 Domini
1332 1897 1420 1954 nostri
1440 1903 1512 1960 556
1536 1897 1601 1954 Jesu
1627 1897 1729 1956 Christi
1750 1896 1881 1954 morientur.

259 2002 347 2070 speetu
365 1998 518 2070 aupitorum
533 2003 695 2066 sauctorum,
719 2005 743 2055 et
756 1999 786 2056 iu
809 2005 946 2071 conspeetu
965 2000 1061 2071 Apum
1116 2000 1195 2058 Nune
1210 2000 1275 2074 quia
1287 2015 1395 2072 poenam
1411 1999 1523 2056 illorum
1540 2000 1587 2074 qni
1605 2000 1635 2056 in
1649 1999 1882 2057 Antichristumore·

259 2092 284 2142 et
309 2085 400 2157 fumrss
420 2091 610 2142 tormentorum
632 2104 724 2145 eorum
744 2087 772 2142 iu
793 2089 891 2144 soeculo
905 2089 1060 2145 seculorum
1117 2088 1204 2146 diluri
1218 2096 1292 2159 sunt,
1308 2089 1442 2160 narravit,
1465 2088 1722 2162 beatitudinemque
1745 2085 1881 2160 illorumq'

260 2176 391 2232 ascendet.
411 2176 486 2248 ignis
500 2174 603 2246 exurit,
623 2175 741 2249 sulphur
758 2184 850 2234 eutem
864 2177 979 2234 ietorem
994 2192 1062 2250 pes-
1117 2179 1147 2236 in
1161 2178 1215 2236 iide
1230 2176 1334 2236 Christi
1353 2179 1590 2250 perseveraverint
1608 2195 1695 2252 usque
1709 2179 1736 2235 iu
1749 2177 1884 2246 finemhre·

260 2265 361 2320 simum
389 2263 423 2321 de
449 2282 477 2322 se
504 2265 618 2324 emittit.
653 2269 717 2339 igue
749 2273 842 2323 autem
880 2267 1061 2341 eorporaliter
1116 2268 1189 2324 viter
1203 2266 1432 2339 comprehendit;
1448 2263 1883 2342 oonsequeneestutdiemjudieii

260 2352 471 2421 cruciabuntur,
487 2355 534 2428 qui
550 2355 641 2428 iguem
651 2354 784 2411 vitiorum
800 2354 829 2412 in
845 2372 873 2412 se
885 2357 1061 2430 exstinguere
1116 2356 1264 2427 describat,
1280 2356 1310 2414 in
1328 2373 1383 2430 quo
1397 2355 1457 2414 hero
1471 2367 1571 2417 cuneta
1585 2356 1803 2430 complebuntur.

262 2443 431 2501 noluerunt:
455 2442 541 2500 fetore
560 2442 703 2518 sulphuris
723 2444 936 2518 torquebuntur,
959 2447 1061 2520 quihus
1157 2447 1249 2521 (Vere.
1267 2445 1380 2518 tt-ts.)
1405 2447 1443 2503 El
1459 2446 1525 2511 uidi,
1540 2451 1565 2504 et
1587 2463 1646 2503 eree
1664 2447 1753 2502 nudem
1764 2443 1883 2508 mnodum,

263 2531 353 2590 duleis
368 2533 422 2590 iuit
440 2532 512 2590 letor
525 2533 656 2590 luxuriae.
671 2534 702 2590 In
727 2543 877 2608 conspeetu
899 2537 1060 2609 angelorum
1117 2543 1141 2594 et
1156 2553 1236 2608 super
1252 2535 1345 2592 mutem
1364 2535 1492 2592 sedentem
1511 2535 1629 2593 similem
1643 2536 1713 2594 Filio
1726 2537 1833 2602 toruiuir,
1846 2535 1885 2588 lu·

262 2629 420 2678 senatorum
434 2620 644 2692 oruoiahuntur,
661 2630 689 2680 et
708 2623 738 2680 iu
752 2633 902 2696 conspeetu
922 2625 1005 2698 rigni,
1020 2626 1060 2682 vi·
1118 2626 1216 2682 lenum
1240 2625 1267 2681 iu
1291 2625 1376 2698 sopite
1398 2642 1446 2682 suo
1467 2643 1597 2684 eororam
1624 2644 1742 2694 aureum,
1755 2625 1884 2680 etiumeuu

262 2710 363 2770 deliret
376 2719 409 2769 ut
427 2711 456 2770 in
476 2729 572 2770 eorum
586 2720 736 2788 conspeetu
755 2715 926 2786 oruoieutur,
943 2716 971 2772 in
986 2732 1061 2790 quo·
1116 2731 1166 2770 suo
1179 2713 1274 2785 solome
1290 2720 1405 2770 oculum.
1420 2717 1458 2772 Et
1479 2717 1549 2771 oller
1563 2717 1678 2789 ampelos
1691 2716 1752 2772 exiit
1765 2715 1792 2770 de
1805 2713 1886 2783 templo,

266 2817 329 2858 rum
349 2812 498 2876 conspeetu
522 2820 577 2860 non
595 2803 749 2863 timuerunt
765 2807 854 2863 multa
874 2807 952 2864 maie
968 2823 1061 2880 perpe·
1116 2804 1235 2860 claumos
1250 2819 1309 2858 enee
1331 2819 1427 2876 umque
1449 2804 1641 2861 adsidentem
1664 2803 1841 2878 super-uelem,
1857 2799 1885 2854 di·

266 2899 348 2949 trare.
366 2893 418 2949 Nee
432 2892 561 2949 hohehuut
583 2894 700 2964 requiem
719 2894 761 2950 die
779 2913 810 2952 oe
832 2903 914 2966 noete,
930 2896 977 2968 qui
990 2897 1061 2953 odo-
1116 2908 1198 2949 oeus:
1226 2891 1301 2950 Mitte
1313 2891 1407 2963 fatrem
1424 2899 1506 2962 tuom,
1531 2899 1555 2950 et
1568 2901 1640 2952 ueste
1664 2913 1671 2964 ;
1696 2895 1756 2967 quio
1767 2892 1888 2950 emiliam

268 2987 397 3038 rooerrmt
417 2981 524 3038 hestiom
539 2987 563 3037 et
576 2981 716 3054 imoqiuem
735 2983 801 3053 ejus,
823 2991 847 3040 et
874 2986 962 3057 siqui
983 3005 1061 3044 oece-
1118 2985 1147 3035 tlt
1167 2985 1292 3049 metatur,
1311 2979 1437 3050 quoniam
1461 2979 1536 3036 uruit
1553 2982 1650 3038 messis
1670 2988 1753 3038 terrm
1780 2981 1813 3036 Et
1833 2975 1888 3032 mt'tt'i

73 3103 75 3108 ¹
163 3119 166 3124 .
259 3073 352 3146 periet
364 3073 541 3130 characterem
556 3073 672 3130 uomiuis
691 3073 758 3145 ejus.
778 3074 834 3132 Cur
848 3091 937 3149 neque
960 3077 990 3134 in
1004 3077 1059 3147 die,
1115 3068 1162 3141 qui
1184 3068 1287 3125 tedebat
1305 3069 1618 3141 fflpmttbtmdttltem
1632 3089 1708 3128 utam
1728 3069 1889 3133 inuitauit

262 3176 351 3234 neque
366 3160 396 3217 in
409 3168 488 3218 noete
503 3162 633 3234 reprobos
646 3161 747 3220 hahere
763 3163 832 3222 dioit
846 3163 980 3238 requiem,
996 3181 1060 3222 oum
1078 3188 1099 3250 0
1114 3159 1220 3214 messuit
1243 3165 1351 3216 terram
1378 3160 1414 3214 Et
1433 3159 1505 3215 otius
1523 3163 1638 3232 nuestus
1663 3160 1743 3217 exirit
1765 3159 1793 3214 ds
1808 3156 1887 3226 templu

261 3250 341 3309 eleoti
356 3259 490 3308 arternum
504 3251 577 3308 diem
601 3251 751 3326 possessuri
775 3253 848 3324 sint,
867 3253 975 3327 reprohi
997 3271 1062 3314 vero
1118 3249 1190 3321 quod
1213 3249 1292 3305 estio
1313 3251 1387 3318 outo,
1403 3250 1499 3306 talem
1513 3256 1537 3305 et
1558 3251 1619 3323 ipse
1635 3250 1731 3322 tatem
1750 3243 1888 3306 aremuli

259 3348 418 3414 perpetuum
446 3341 582 3400 nostem?
618 3339 671 3400 Sed
700 3358 776 3400 more
802 3341 925 3400 humano
952 3343 1061 3402 loeutus
1115 3339 1188 3395 alius
1201 3341 1311 3412 onustus
1332 3339 1415 3395 exivit
1433 3339 1464 3396 de
1483 3339 1579 3410 etuti,
1609 3341 1657 3414 qui
1677 3341 1783 3398 hebetet
1801 3339 1888 3410 pouslo·

260 3437 311 3486 est.
1117 3445 1166 3493 lem
1188 3455 1271 3512 supro
1293 3439 1388 3510 ierem,
1410 3445 1434 3495 et
1461 3439 1592 3497 alomooit
1609 3459 1672 3498 enee
1689 3457 1782 3513 moqrio
1799 3437 1829 3494 ud
1848 3449 1891 3490 stt

298 3526 391 3598 (Vere.
404 3526 448 3595 12,
466 3526 522 3600 13.)
539 3527 600 3583 lieo
627 3533 666 3582 est
682 3527 814 3599 patientia
837 3536 999 3601 remotorum,
1014 3531 1062 3604 qui
1115 3529 1162 3600 qui
1188 3527 1298 3584 hahebat
1323 3526 1419 3598 sulcem
1439 3535 1553 3598 reulum,
1580 3531 1695 3588 disens:
1723 3529 1793 3588 liitte
1817 3525 1890 3595 taum

261 3617 412 3671 custodiunt
438 3616 565 3672 mandute
593 3616 654 3682 Dei,
683 3623 707 3672 et
735 3619 813 3690 fidem
840 3620 918 3688 Jesu;
951 3619 981 3678 id
1008 3629 1059 3689 est,
1116 3625 1188 3674 tuom
1206 3621 1321 3687 usuum,
1342 3622 1366 3673 et
1389 3617 1521 3674 vindemio
1542 3620 1637 3676 hotros
1660 3620 1742 3676 uiuere
1754 3624 1890 3685 terronllt·

260 3703 324 3761 ulls
351 3712 393 3760 est
418 3703 550 3775 patientia
574 3712 742 3774 sauctorum,
774 3715 801 3763 et
826 3709 909 3764 talem
938 3709 1059 3768 fructum
1114 3709 1188 3765 oium
1210 3713 1323 3766 oraturio
1343 3715 1476 3766 sumtuose
1493 3708 1559 3780 eius.
1587 3713 1627 3770 Et
1649 3711 1722 3767 misit
1743 3701 1889 3780 anqelustol·

261 3792 350 3861 aliert,
379 3791 470 3866 quelis
496 3792 527 3849 in
563 3794 744 3866 sequentibus
780 3795 994 3857 demonstratur.
1022 3802 1060 3858 Et
1113 3813 1166 3853 sem
1191 3813 1267 3853 suom
1287 3804 1393 3855 aculem
1412 3800 1441 3856 iu
1462 3807 1574 3870 terrum,
1592 3809 1618 3858 el
1632 3795 1891 3859 vindemiooiluueon

260 3880 454 3937 audivivocem
468 3881 499 3937 de
524 3882 587 3937 emto
605 3882 730 3938 dicentem
753 3885 841 3942 milri:
873 3887 972 3958 Scribe,
992 3889 1059 3946 leoli
1114 3893 1212 3956 terra,
1233 3893 1257 3943 el
1281 3887 1354 3944 misit
1372 3889 1400 3945 io
1424 3891 1510 3946 tarum
1532 3891 1586 3949 iroe
1611 3894 1665 3951 Dei
1698 3907 1814 3964 maquum
1837 3883 1888 3958 (33)·

260 3970 361 4026 mortui
376 3969 423 4042 qui
446 3970 473 4026 iu
502 3971 613 4027 Domino
636 3973 800 4032 moriautur.
821 3975 895 4034 'latis
916 3986 957 4035 est
974 3978 1058 4052 igitur
1114 3977 1210 4034 ‘lotam
1225 3993 1296 4051 pene
1318 3980 1484 4038 sententiam
1507 3981 1603 4054 posui,
1620 3990 1653 4040 ut
1666 3977 1889 4055 undiqueoiroun·

260 4059 393 4134 patientia
408 4068 578 4131 sauctorum,
598 4062 645 4136 qui
669 4064 830 4122 custodiunt
851 4067 978 4126 mandate
995 4069 1056 4139 Dei,
1112 4074 1204 4140 speota
1222 4065 1281 4140 ejus
1302 4067 1441 4127 eniraotus
1467 4071 1591 4142 apertius
1611 4071 1771 4128 videantur.
1791 4067 1891 4134 Uterque

260 4155 288 4206 et
301 4147 383 4206 fidem
397 4150 471 4220 iesu,
487 4159 519 4207 ut
532 4151 589 4207 siut
602 4150 676 4208 heati
690 4152 718 4209 in
736 4163 907 4227 perpetuum.
922 4157 975 4215 Sed
990 4158 1056 4231 quid
1112 4172 1229 4230 namque
1244 4156 1295 4214 iste
1316 4158 1429 4230 angelus
1443 4158 1588 4217 Christum
1603 4159 1745 4234 signifieat
1758 4175 1765 4214 :
1785 4151 1890 4214 similiter

260 4239 392 4313 estquod
415 4238 506 4297 dioit:
531 4241 609 4298 Beati
631 4243 741 4313 mortui,
760 4244 807 4315 qui
829 4245 857 4300 in
872 4247 986 4304 Domino
1003 4266 1056 4306 mo·
1111 4253 1138 4302 et
1150 4245 1212 4301 due
1232 4244 1317 4303 ielees
1338 4264 1422 4306 unam
1445 4248 1683 4321 significationem
1700 4248 1800 4306 hahent
1813 4263 1819 4312 ;
1833 4239 1893 4298 desi-

259 4326 476 4396 rr'uuturiouis
497 4329 571 4387 enim
596 4340 722 4389 mortuus
742 4333 812 4390 mori
829 4337 941 4408 potest?
957 4338 1056 4396 Nullus
1110 4342 1195 4409 quant
1227 4335 1302 4393 enim
1322 4337 1403 4395 illum
1428 4339 1598 4414 ignemque
1622 4341 1771 4398 universus
1793 4331 1891 4394 muniti

260 4418 356 4492 prooul
370 4418 456 4476 duhio
470 4429 596 4478 mortuus
614 4423 684 4478 mori
704 4432 803 4496 potest,
819 4424 874 4481 nisi
897 4426 975 4500 prius
990 4429 1056 4485 ani·
1109 4425 1245 4484 delendus
1267 4436 1327 4496 est;
1353 4429 1418 4502 quia
1443 4430 1515 4488 siout
1538 4433 1634 4506 primo
1658 4440 1783 4504 tempore
1796 4419 1893 4484 mrim

261 4523 334 4563 mam
353 4507 477 4580 resipiat,
494 4509 639 4566 utiterum
654 4512 726 4567 mori
741 4513 834 4584 possit.
851 4515 904 4572 Sed
928 4515 969 4573 illi
991 4525 1056 4575 sunt
1076 4549 1100 4610 D
1116 4533 1163 4590 per
1175 4532 1274 4590 aquam
1289 4517 1395 4576 deletus
1409 4526 1459 4590 est,
1475 4520 1514 4577 ite
1529 4529 1557 4578 et
1584 4522 1615 4579 in
1630 4522 1688 4579 sine
1703 4529 1848 4595 temporum
1859 4523 1892 4584 lir

260 4596 345 4666 heati,
361 4604 389 4653 et
405 4596 448 4652 illi
463 4598 492 4652 iu
505 4598 625 4655 Domino
641 4600 808 4673 moriuntur,
828 4605 877 4678 qui
898 4605 976 4679 prius
1002 4625 1058 4665 mo·
1116 4607 1207 4682 ignem
1228 4607 1376 4668 delebitur.
1396 4609 1448 4668 Sed
1472 4612 1659 4685 querendum
1689 4613 1771 4671 nohis
1795 4616 1839 4676 est,
1858 4615 1894 4658 stt

260 4684 373 4744 riuutur
397 4688 509 4758 smoulo,
538 4695 631 4762 postea
657 4705 739 4748 carne
755 4709 761 4748 :
778 4691 826 4765 qui
840 4695 918 4767 prius
939 4703 1057 4754 veterem
1114 4714 1185 4756 uuus
1201 4697 1328 4757 Christus
1341 4715 1389 4774 per
1404 4698 1474 4757 duos
1496 4703 1625 4776 angelos,
1638 4710 1668 4760 et
1685 4717 1741 4759 una
1755 4693 1892 4758 extermina·

261 4773 414 4846 hominem,
433 4775 462 4834 id
484 4784 534 4848 est,
561 4795 658 4836 omnes
683 4779 820 4855 nequities
841 4789 866 4839 et
881 4784 1020 4857 spiritales
1033 4793 1058 4842 et
1113 4790 1154 4846 tio
1168 4804 1217 4862 per
1229 4789 1299 4846 duas
1311 4789 1395 4847 ialoes
1413 4790 1556 4863 figuretur.
1577 4791 1694 4848 Primus
1715 4790 1811 4864 quippe
1827 4795 1895 4854 enti*

260 4865 385 4922 ceruales
406 4865 436 4923 iu
459 4883 488 4924 se
508 4868 703 4942 exstinguunt,
718 4879 749 4928 ut
767 4871 875 4944 possint
890 4873 980 4932 disere
995 4891 1058 4932 oum
1114 4881 1157 4937 lus
1184 4897 1266 4954 super
1287 4881 1389 4938 nuhem
1415 4881 1561 4940 candidam
1586 4883 1706 4949 sedisse,
1736 4889 1763 4938 et
1788 4883 1893 4935 noronru

259 4952 418 5025 Apostolo:
454 4977 464 5002 ‹
488 4956 556 5013 hiihi
572 4957 692 5016 mundus
711 4960 863 5019 oruoifixus
878 4970 929 5033 est,
958 4970 986 5020 et
1009 4981 1059 5037 ego
1113 4985 1223 5027 auream
1239 4970 1367 5029 hahuisse
1391 4971 1468 5030 visus
1493 4981 1555 5031 est:
1581 4973 1728 5032 secundus
1751 4985 1813 5026 vero
1826 4973 1894 5035 neque

259 5041 365 5101 mundo
380 5043 485 5117 (dohet.
500 5062 539 5113 vr,
555 5045 637 5118 lit·
667 5046 713 5104 lili
737 5065 856 5123 namque
884 5051 913 5109 iu
936 5053 1056 5110 Domino
1114 5075 1245 5117 eoronam
1274 5077 1384 5118 auream
1411 5060 1552 5132 hahuisse,
1584 5078 1680 5138 neque
1708 5075 1788 5134 super
1813 5052 1893 5111 nuhett

259 5131 426 5201 moriuntur,
442 5129 476 5188 de
490 5131 591 5206 quihus
604 5135 742 5194 Dominus
756 5137 826 5196 dioit
836 5139 866 5196 in
881 5140 1055 5214 Evangelio:
1112 5147 1256 5205 candidum
1271 5149 1372 5207 sedisse
1387 5150 1500 5208 dieitur.
1515 5152 1550 5209 Et
1565 5153 1682 5225 primus
1697 5139 1809 5207 messem
1822 5153 1893 5202 terro,

266 5245 276 5270 ι
295 5221 348 5290 Qui
376 5230 468 5279 autem
491 5225 707 5298 perseveraverit
731 5243 818 5302 usque
842 5227 988 5300 induem,
1012 5231 1058 5290 hio
1111 5237 1528 5300 secundusverobosrosvineae
1544 5248 1631 5299 terrm
1651 5238 1807 5315 praeoidisse
1820 5233 1892 5290 dietus

259 5315 352 5374 ΒΜ
364 5316 418 5376 ⁰?st
432 5317 540 5391 (Dalm.
561 5334 639 5390 ΗΝ,
657 5319 738 5393 13)·
1111 5338 1152 5387 est
1168 5349 1174 5388 :
1191 5330 1358 5406 sedprimus
1371 5350 1426 5409 quo
1449 5334 1510 5394 loeo
1534 5349 1660 5392 messem
1685 5341 1764 5392 terre
1781 5319 1892 5404 posuerit,

258 5479 353 5608 dliii)
370 5481 509 5564 Omissum
523 5481 613 5563 iuerat
627 5482 658 5539 iu
676 5482 757 5549 edit,
773 5485 820 5555 qui
832 5494 1004 5558 preparetur
1021 5497 1058 5548 est
1110 5502 1176 5577 tem,
1196 5495 1381 5567 sulaemruom
1403 5499 1548 5557 aeummiu
1572 5505 1692 5569 terrom
1709 5501 1733 5553 el
1747 5477 1892 5576 armentari

278 5551 596 5634 teterrimumque.
1110 5575 1310 5626 vermescere
1331 5576 1355 5626 ei
1372 5571 1446 5628 mrsu
1467 5574 1496 5628 ru
1520 5573 1612 5628 usum
1634 5570 1687 5626 are
1710 5569 1759 5625 nu
1780 5569 1891 5632 munum-

296 5621 354 5690 (33)
371 5623 446 5678 Edit.
463 5625 530 5691 Grl,
546 5623 725 5694 [uhemsuom
737 5631 841 5682 erutam
855 5637 1054 5704 superterram,
1114 5638 1224 5709 Uterque
1239 5643 1548 5712 natuque,ete,1,00um
1566 5658 1650 5712 vero,
1667 5649 1698 5698 ut
1708 5640 1809 5697 iamsi.
1829 5625 1891 5686 hate·

258 5693 284 5746 et
306 5691 414 5749 messuit
436 5700 553 5750 terram:
573 5701 681 5770 uterque
699 5713 822 5772 relnque,
840 5707 893 5758 eto.
909 5703 989 5762 Doro.
1002 5721 1056 5764 au·
1110 5715 1165 5780 tur,
1180 5712 1363 5788 reposuimus.
