4074 6178
121 353 182 408 llll

670 351 717 406 DE
738 350 893 408 MOPdBUS
912 351 1218 412 BRACHMANORUM.

1697 362 1766 418 lttrt

119 475 213 548 pedum
228 482 277 530 aut
291 471 450 530 volatilium
470 485 567 528 carnes
589 477 760 541 putrescunt,
779 487 830 527 nac
855 489 915 528 sum
930 475 956 533 A
973 474 1074 529 multos
1095 473 1232 530 trucidare
1248 473 1403 530 desideras:
1420 490 1452 530 ex
1472 475 1572 548 quibus
1595 474 1653 547 jam
1677 476 1768 550 abque

120 573 287 622 mortuorum
318 563 488 635 sepulcrum,
512 562 559 618 scd
580 562 754 634 providentia
782 563 918 619 naturalis

119 670 207 710 onmes
222 652 293 710 mihi
309 653 425 720 fruetus,
438 659 468 707 ut
478 653 520 707 lac
534 659 629 720 mater,
642 650 776 708 infundit.
791 652 918 724 Intelligo

119 743 170 816 ipse
197 742 265 816 quid
294 757 411 814 quaeras.
439 740 595 813 Sapientem
620 758 663 798 me
692 740 780 809 rides,
809 740 873 798 talis
891 750 918 798 et

118 832 288 900 lestussum,
309 829 401 904 itaque
415 830 481 886 riso
497 837 526 884 ut
542 837 699 902 procreatus
722 846 793 898 sum,
814 837 840 885 et
858 846 917 902 quaa

118 923 187 979 Deus
201 920 284 978 faciat
301 936 430 994 agnosco,
445 919 552 992 etquid
575 919 634 975 fieri
659 918 756 974 debeat
778 920 844 976 scio.
861 920 917 976 Vos

118 1020 205 1068 autem
222 1011 342 1066 vanitate
369 1025 469 1082 magna
489 1009 598 1081 repleti,
620 1009 764 1082 praesagire
783 1027 832 1098 vqs
852 1026 917 1067 cre-

119 1101 191 1170 ditis,
207 1117 270 1158 cum
285 1108 377 1156 tamen
397 1097 455 1156 haec
471 1099 530 1172 ipsa
550 1116 610 1172 quaa
634 1099 818 1173 persingulas
833 1100 936 1158 vide-.

118 1191 233 1260 tisdies‚
249 1188 299 1247 Dei
313 1203 395 1262 opera
417 1187 572 1262 intelligere
596 1189 736 1246 nesciatis.
760 1190 818 1260 Ego
842 1206 917 1246 cun-

119 1289 158 1338 cta
186 1297 329 1352 cognosco,
359 1288 386 1335 et
409 1278 492 1347 unde,
521 1288 548 1334 et
571 1264 704 1353 quando,
723 1289 750 1337 et
778 1279 916 1354 quomodo

118 1371 192 1428 siant.
216 1371 338 1439 Pluvias,
366 1369 511 1438 siccitates,
537 1370 664 1441 fulmina,
689 1379 917 1446 tempestatesque

118 1461 245 1533 praesagio
269 1478 276 1516 ;
300 1467 327 1516 et
347 1458 398 1516 hoc
411 1468 453 1516 est
467 1460 540 1532 quod
565 1477 608 1516 me
624 1461 741 1518 delectat
762 1479 793 1518 ac
817 1461 914 1530 reficit,

117 1550 179 1623 quia
192 1551 265 1607 Deus
277 1549 377 1607 habero
389 1565 432 1604 me
442 1551 666 1608 communionem
677 1553 824 1625 quamdam
835 1558 916 1624 atque

117 1639 261 1698 consilinm
278 1655 340 1696 cunr
356 1637 487 1712 operibns
501 1640 558 1696 suis
574 1640 648 1696 lecit.
663 1640 706 1697 Ad
723 1658 766 1696 me
779 1640 917 1714 quemad-

119 1729 229 1788 modum
243 1729 357 1800 angelus
371 1729 458 1798 uenit,
475 1735 502 1785 et
514 1728 535 1784 si
547 1729 656 1802 quando
671 1729 776 1802 aliquid
792 1729 916 1787 timuerit

972 563 1070 632 iecisti,
1086 563 1139 619 alia
1153 563 1182 623 iu
1197 565 1324 635 praesenti
1339 563 1416 632 facis,
1431 564 1486 620 alia
1503 564 1641 622 iacturum
1666 575 1692 622 te
1714 583 1771 625 esse

972 652 1134 723 promittis?
1158 653 1215 725 Ego
1230 670 1295 708 vero
1308 670 1370 708 curn
1387 669 1422 708 ex
1437 653 1489 708 hoc
1505 653 1609 710 mundo
1624 672 1772 727 recessero,

973 739 1002 794 in
1017 756 1078 796 aare
1093 742 1212 812 positum
1229 749 1255 796 te
1270 741 1388 797 videbo:
1415 749 1442 796 et
1461 749 1526 799 tunc
1540 744 1651 815 quidem
1666 762 1775 802 sermo-

972 846 1033 886 ncm
1050 831 1212 904 praedicabis
1231 848 1333 898 meum,
1354 832 1419 905 qnia
1434 840 1460 888 te
1476 833 1625 890 rrrultitudo
1648 835 1774 908 equitum

971 921 1016 978 rel
1032 922 1156 992 peditum
1183 923 1260 977 nulla
1287 921 1476 990 comitabitur,
1508 933 1534 978 et
1561 940 1624 980 cum
1652 924 1774 980 maximo

972 1011 1072 1068 mantis
1087 1019 1140 1066 tuae
1155 1010 1250 1066 dolore
1265 1009 1390 1080 dellebis,
1407 1011 1459 1067 hoo
1473 1011 1588 1068 dicens:
1606 1012 1671 1068 Sine
1690 1030 1772 1070 causa

972 1100 1078 1172 perdidi
1099 1101 1185 1156 totius
1209 1101 1336 1158 retroacti
1359 1101 1491 1172 temporis
1515 1101 1612 1170 vitam,
1638 1119 1719 1176 quam
1744 1103 1773 1158 iu

972 1187 1124 1246 honoribus
1152 1189 1233 1247 istius
1257 1189 1353 1246 rrrundi
1380 1189 1513 1263 bellisque
1537 1191 1705 1263 consumpsi.
1730 1194 1774 1248 Ex

972 1279 1071 1350 quibus
1087 1277 1225 1352 intelliges
1240 1279 1311 1335 nihil
1327 1279 1379 1336 tibi
1392 1279 1468 1335 aliud
1491 1287 1517 1335 te
1541 1279 1694 1354 reliquisse,
1720 1280 1774 1336 nisi

971 1369 1131 1424 irrernoriam
1156 1372 1241 1426 solam
1267 1369 1413 1426 malorum.
1439 1370 1510 1426 Novi
1538 1371 1611 1426 enim
1641 1388 1690 1444 ego
1714 1388 1774 1444 quae

970 1457 1108 1514 Divinitas
1122 1459 1196 1514 intra
1210 1475 1237 1514 se
1252 1459 1361 1525 habeat,
1378 1476 1439 1516 cum
1458 1467 1548 1515 tamen
1564 1460 1621 1532 ipse
1636 1460 1687 1516 sicr
1702 1461 1774 1532 aptrd

971 1541 1097 1600 horrrines
1114 1546 1292 1614 constitutus,
1308 1545 1433 1618 mihique
1443 1555 1509 1602 tunc
1522 1545 1575 1601 isla
1589 1546 1681 1602 dices:
1699 1547 1775 1602 Rana

970 1633 1097 1700 consilia,
1110 1635 1270 1702 Dandamis,
1287 1635 1357 1690 mihi
1372 1635 1520 1708 aliquando
1536 1636 1683 1708 praebebas.
1697 1636 1775 1693 Tunc

970 1721 1043 1777 enim
1060 1730 1123 1778 ante
1136 1730 1314 1795 conspectum
1330 1729 1408 1778 tuum
1424 1724 1536 1779 venient
1551 1741 1646 1793 omnes
1661 1741 1728 1798 quas
1739 1725 1774 1781 si·

117 1818 273 1890 turparetur,
289 1825 356 1876 tunc
369 1835 419 1889 ego
432 1818 564 1890 deprecor
577 1819 664 1876 baum
680 1827 711 1875 ut
722 1820 786 1876 horai
803 1819 909 1894 aliquid
927 1832 949 1894 q
969 1829 1004 1868 nc
1018 1831 1099 1870 causa
1120 1813 1320 1888 expugnaveris
1335 1814 1451 1881 animas,
1469 1815 1540 1888 apud
1555 1832 1622 1888 quas
1637 1815 1774 1892 quomodo

117 1907 151 1976 ei,
167 1907 280 1963 eumad
298 1923 342 1964 me
357 1907 473 1976 venerit,
489 1915 609 1980 praestat,
634 1916 665 1964 ut
684 1924 747 1964 eum
771 1919 846 1967 metu
862 1926 917 1982 qno
972 1919 1101 1960 excusare
1116 1911 1144 1958 te
1158 1899 1284 1976 poteris?

119 1997 235 2067 laborat,
250 1998 385 2066 absolvat,
401 2004 485 2070 utque
498 1997 523 2052 ei
538 1997 668 2074 fiduciam
684 1999 830 2072 quamdam
841 2015 917 2055 men·
1007 1992 1137 2049 Libenter
1155 1992 1214 2048 haec
1237 1999 1264 2048 et
1287 1993 1347 2049 sino
1371 1993 1429 2048 olla
1453 1991 1595 2051 iracundia
1618 1995 1775 2052 Alexander

117 2090 290 2163 tisinspirct.
302 2089 441 2160 Quidesse
451 2090 554 2148 rectius
567 2091 647 2160 dicis,
665 2092 763 2148 laedere
778 2091 914 2163 homines,
972 2081 1119 2138 ludissb2l³
1138 2087 1195 2135 elai
1212 2079 1286 2135 essim
1305 2081 1335 2135 5¹1
1351 2083 1487 2138 Diffidam
1504 2083 1617 2156 spirtius
1630 2086 1699 2142 Dei!
1716 2084 1773 2154 sed,

117 2199 153 2238 err
170 2184 241 2238 tueri
256 2190 337 2256 atque
350 2199 470 2253 servare,
485 2191 513 2240 et
535 2183 603 2256 quid
626 2185 712 2257 magis
733 2185 865 2241 convenit
879 2186 916 2242 ia·
972 2171 1121 2244 militante
1135 2169 1260 2226 dffifflfflle
1274 2171 1358 2239 ffl²¹⁰s
1371 2171 1444 2226 511¹ss?
1459 2171 1517 2244 ipsa
1532 2173 1669 2244 principia
1683 2183 1773 2234 mula·

117 2287 176 2328 ωτι
191 2271 257 2328 filiis
268 2273 329 2341 Dei,
343 2280 391 2329 aur
406 2281 528 2329 everrere
541 2281 642 2330 cuneta
656 2275 813 2347 pugnando,
825 2291 860 2330 a„
871 2291 916 2332 01.
937 2313 951 2327 ,
971 2260 1052 2316 batur
1066 2259 1232 2316 Alexander.
1250 2259 1326 2315 Unde
1343 2259 1386 2314 his
1400 2260 1592 2334 alloquebatur
1608 2263 1773 2320 dandamim

117 2373 235 2436 pugnata
245 2363 373 2420 ggdjrup,
384 2363 537 2422 instaurare
551 2364 673 2437 paganq0
686 2365 700 2421 q
714 2365 775 2422 Non
790 2365 841 2422 gibi
856 2380 917 2438 pro.
972 2349 1063 2406 vorbis
1081 2369 1086 2407 :
1107 2351 1170 2406 Scio
1185 2367 1249 2408 vera
1270 2359 1296 2408 te
1310 2350 1410 2418 dicere,
1427 2349 1460 2406 de
1475 2351 1572 2407 divino
1587 2353 1661 2409 enim
1677 2370 1774 2426 genera

116 2452 200 2521 derit,
221 2453 381 2526 imperator,
406 2469 518 2510 enorme
533 2454 640 2528 pondus
662 2455 732 2523 auri,
757 2470 846 2527 nequa
864 2456 916 2512 010.
972 2441 1150 2511 descendens,
1166 2443 1195 2498 in
1210 2442 1253 2498 his
1269 2442 1437 2498 constitutus
1450 2459 1478 2499 es
1489 2443 1568 2512 locis,
1579 2444 1627 2500 ubi
1638 2445 1773 2502 nunctibi

116 2540 294 2613 mineorum,
317 2560 385 2616 quos
409 2543 547 2600 sustulisti
571 2543 643 2610 aljis,
668 2542 818 2600 multitudo
839 2561 845 2600 :
870 2545 917 2601 sed
972 2531 1031 2587 sine
1045 2532 1102 2587 ulla
1113 2532 1248 2600 molestia,
1260 2531 1307 2587 sed
1319 2548 1382 2588 cum
1394 2533 1515 2588 maxima
1528 2535 1670 2606 voluptate
1680 2536 1775 2594 vivero

116 2629 175 2687 haec
190 2648 246 2687 vox
261 2649 330 2696 mea·
353 2639 380 2688 02
399 2633 421 2690 is
445 2650 523 2690 meus
542 2649 643 2690 sermo·
659 2633 699 2688 'su
723 2649 789 2689 γεω
808 2633 916 2692 etiami
971 2619 1047 2689 licet,
1062 2628 1089 2676 Gt
1105 2621 1152 2676 ubl
1175 2620 1346 2676 naturalibus
1369 2621 1478 2676 lelhllS
1504 2621 1604 2678 fsllssl'is
1629 2630 1656 2678 θῐ
1682 2625 1774 2696 quiete

116 2735 161 2775 me
183 2721 338 2778 interficere
353 2722 483 2791 vomeris,
504 2739 561 2778 non
586 2722 698 2791 timebo,
724 2722 770 2778 ipo
785 2723 859 2780 enim
883 2723 916 2780 gd
971 2709 1079 2764 secura'
1094 2711 1151 2780 Ego
1166 2726 1231 2764 xero
1249 2707 1322 2764 inter
1340 2710 1477 2764 tumultus
1497 2710 1588 2766 varios
1614 2727 1645 2768 ac
1672 2711 1774 2768 lorini-

114 2812 205 2866 Daum
220 2811 312 2877 citius,
328 2811 375 2882 qui
395 2819 545 2868 etcausaur
567 2820 594 2870 et
617 2811 703 2868 vitam
723 2827 810 2867 meam
826 2813 914 2869 novit.
972 2797 1052 2852 distes
1079 2797 1156 2862 νὴ’οι
1177 2797 1367 2870 plurimosque
1389 2813 1422 2852 ⁰³⁶
1446 2797 1513 2870 ipsis
1537 2799 1584 2872 (lui
1609 2816 1653 2855 ¹¹¹⁰
1677 2809 1774 2858 0ῦὸῑο-

112 2897 192 2954 Nihil
207 2898 333 2972 estquod
347 2899 433 2955 Deum
451 2900 534 2956 latere
558 2898 653 2972 possit,
669 2899 748 2971 cujus
764 2899 838 2956 oculi
853 2909 917 2957 sunt
951 2887 1053 2955 ,ᾶῑῑίῐῑῑ
1075 2887 1172 2956 fimes),
1189 2897 1215 2944 el
1232 2888 1319 2962 major
1342 2887 1412 2943 mihi
1436 2889 1599 2962 Plerumque
1622 2890 1655 2948 ab
1677 2891 1774 2950 amicis

113 3002 214 3042 omnes
228 2987 323 3057 stalla,
340 2989 391 3057 sol,
407 2998 434 3045 et
457 2991 533 3056 luna,
554 3004 614 3060 quae
639 2989 732 3044 omnia
754 2998 785 3046 tu
799 2990 916 3062 elingere
972 2984 1062 3033 metus
1079 2993 1160 3050 (luam
1174 2976 1208 3033 ab
1223 2977 1349 3034 hOSlihUS
1365 2977 1451 3046 vellit,
1468 2994 1639 3052 humumque
1654 2981 1773 3054 amplius

113 3092 175 3132 non
194 3083 280 3149 potes,
298 3093 386 3150 neque
403 3078 477 3132 inte
488 3075 625 3148 judicium
641 3077 700 3149 ejus
714 3077 838 3136 evadere.
854 3079 917 3136 Noli
972 3066 1095 3139 quotidie
1109 3082 1191 3139 ‘luam
1208 3067 1385 3124 issiffliffllllffl
1401 3085 1525 3124 ffl⁰⁰l¹1ffl
1545 3069 1663 3126 infidias
1683 3071 1773 3142 delii·

110 3166 202 3237 igitnr
217 3176 247 3224 tn
263 3167 402 3225 destruere
418 3184 478 3241 qua
493 3168 540 3224 ille
555 3169 711 3224 construxit
729 3187 735 3224 :
752 3169 809 3225 noli
825 3176 854 3224 tu
870 3186 915 3226 ou·
935 3199 955 3258 B
973 3172 1078 3213 l¹¹⁰⁸⁰⁰³
1107 3163 1132 3210 θῑ
1157 3173 1244 3229 ”elue
1266 3157 1325 3212 Sine
1340 3157 1406 3230 ipsis
1421 3155 1517 3229 dellssse
1532 3174 1612 3232 queo,
1629 3175 1717 3232 neque
1732 3158 1773 3215 il·

107 3272 179 3329 pere
198 3255 329 3328 dissipare
344 3273 374 3312 oa
389 3273 449 3330 qum
464 3257 521 3325 ille,
533 3257 579 3329 qui
596 3273 626 3312 ea
640 3257 715 3326 lecit,
733 3274 830 3314 ornare
846 3258 916 3314 desi·
971 3245 1004 3301 ¹5⁸
1026 3263 1069 3302 me
1092 3263 1202 3318 POSSUffl
1223 3246 1332 3302 credere
1349 3264 1355 3302 ῑ
1377 3248 1442 3302 ViVO
1459 3247 1544 3318 igilur
1558 3248 1587 3303 1¹1
1602 3249 1770 3318 affllssllffllflt

106 3345 194 3402 derat
218 3363 224 3400 ;
245 3346 303 3402 noli
320 3345 464 3402 immolare
479 3346 639 3418 sanguinem
655 3345 810 3416 civitatum,
827 3363 915 3419 neque
971 3353 1039 3410 quos
1053 3335 1127 3392 enirn
1147 3352 1254 3405 vereor,
1276 3352 1370 3392 eorum
1394 3336 1597 3408 constipatione
1618 3338 1771 3396 custodior.

106 3434 232 3492 transire
245 3451 327 3508 supra
343 3435 465 3508 gentium
481 3444 651 3492 mortuarum
667 3434 807 3491 cadavera.
824 3436 915 3508 Longe
970 3431 1073 3488 Diebus
1087 3431 1198 3505 quidem
1213 3433 1279 3488 totis
1294 3433 1383 3488 varias
1397 3441 1490 3506 gentes
1504 3450 1653 3507 prosequor
1676 3451 1707 3491 ac
1725 3435 1738 3490 l
1754 3465 1772 3476 -

107 3524 188 3582 enim
202 3533 303 3581 rectius
318 3524 415 3582 leceris
429 3525 452 3581 si
468 3532 543 3581 tuam
560 3525 701 3582 curareris
715 3523 813 3593 vitam,
833 3539 914 3598 quam
970 3520 1037 3593 ligo,
1054 3522 1181 3580 noctibus
1203 3539 1267 3578 sero
1282 3539 1325 3578 me
1340 3539 1453 3579 somnus
1475 3523 1567 3578 turbat
1582 3530 1720 3591 severat,
1737 3540 1772 3580 ne

109 3616 135 3674 si
152 3617 269 3672 alienam
285 3615 485 3673 desideraveris
503 3625 619 3673 mortem
638 3623 683 3674 :et
698 3617 732 3686 si,
749 3617 915 3690 contemptis
971 3610 1032 3685 quis
1047 3609 1076 3666 in
1092 3625 1134 3668 me
1148 3611 1307 3683 inopinatus
1322 3611 1410 3668 hostis
1425 3613 1558 3685 impetum
1579 3611 1661 3669 faciat
1681 3630 1686 3668 :
1703 3621 1730 3668 et
1747 3611 1771 3669 si

110 3709 148 3764 iis
159 3723 219 3780 quae
231 3707 404 3783 prosequeris
422 3707 541 3777 domnia,
557 3724 622 3764 sera
636 3707 749 3782 elegeris
763 3707 848 3764 lucra.
861 3705 916 3764 Cur
970 3701 1096 3758 occidero
1118 3719 1185 3776 quos
1205 3702 1336 3772 formido,
1359 3705 1446 3760 tristis
1469 3704 1591 3772 efficior,
1614 3704 1637 3760 si
1661 3721 1771 3761 rursum

109 3814 176 3854 cum
194 3815 276 3856 unam
293 3801 462 3874 persequeris
476 3800 607 3869 antipam,
633 3808 673 3857 tot
694 3800 778 3856 simul
804 3799 846 3856 vis
868 3814 915 3854 ex·
970 3792 1040 3848 lenis
1052 3810 1084 3849 ac
1099 3793 1175 3849 mitis
1190 3796 1303 3850 voluem
1318 3811 1385 3862 esse,
1401 3803 1573 3851 contemnor.
1594 3795 1629 3850 Et
1642 3794 1771 3868 quemad·

111 3887 254 3958 stinguere
280 3890 405 3946 nationes
420 3891 434 3946 ‘l
449 3889 521 3957 Quid
545 3889 689 3947 delectaris
713 3889 799 3946 totius
822 3886 915 3946 saeculi
970 3882 1084 3938 modam
1098 3898 1114 3936 a
1127 3881 1212 3938 tantis
1225 3899 1319 3937 rerum
1333 3883 1462 3953 periculis
1476 3900 1519 3940 me
1531 3883 1646 3954 eripiam
1662 3883 1770 3952 ignoro.

110 3975 195 4030 malis
209 3977 223 4031 ‘l
237 3976 303 4046 quid
317 3978 379 4031 aliis
394 3977 533 4044 dentibus,
549 3979 623 4032 rides
638 3978 652 4032 ‘l
666 3978 798 4048 Hocipso
812 3985 915 4045 tamen,
969 3969 1037 4024 Nam
1053 3976 1080 4024 et
1094 3969 1117 4024 si
1132 3969 1246 4025 voluero
1262 3969 1292 4024 in
1306 3969 1350 4025 his
1363 3970 1488 4039 desertis,
1503 3971 1532 4026 in
1548 3968 1649 4042 quibus
1665 3987 1713 4025 vos
1725 3970 1770 4026 de·

111 4061 189 4134 quod
205 4077 311 4118 memor
326 4064 389 4130 mei,
405 4065 452 4136 qui
464 4065 755 4122 insolitudinibushis
770 4066 845 4133 vivo,
858 4081 915 4122 esse
970 4059 1045 4130 gitis,
1065 4059 1170 4128 uivere,
1184 4058 1213 4114 id
1229 4059 1296 4115 urihi
1321 4059 1430 4132 penitus
1455 4076 1510 4115 non
1534 4059 1629 4114 licebit
1646 4058 1681 4115 ob
1696 4060 1770 4132 quod

109 4150 242 4219 voluisti,
263 4151 440 4224 temetipsum
455 4153 578 4209 lucratus
601 4169 638 4208 es
664 4153 757 4228 Neque
780 4169 854 4210 nunc
868 4162 916 4210 aut
970 4149 1042 4220 apud
1057 4151 1144 4205 Deum
1159 4164 1233 4205 nuno
1247 4164 1378 4206 excusare
1389 4165 1432 4204 me
1444 4163 1567 4220 possum,
1579 4147 1645 4220 quia
1656 4147 1713 4219 ipse
1727 4163 1770 4203 me

109 4239 267 4298 certamina
283 4240 463 4314 pertimescis,
475 4248 523 4298 aut
536 4241 635 4299 laedere
649 4260 814 4317 quamquam
825 4245 914 4317 cupis,
970 4236 999 4292 in
1012 4234 1172 4308 hujusmodi
1187 4235 1251 4292 vitae
1266 4242 1349 4304 statu,
1366 4244 1391 4290 et
1407 4235 1435 4290 in
1450 4234 1498 4290 tali
1514 4233 1611 4290 ordine
1623 4233 1767 4290 hominum

107 4339 162 4387 aut
177 4331 306 4388 virtulem
329 4341 403 4388 tuam
421 4332 451 4388 in
476 4333 594 4388 aliorum
616 4333 706 4401 malis,
732 4334 804 4408 quod
825 4333 914 4392 iecisti
970 4323 1125 4383 collocavit·
1142 4325 1183 4380 Tu
1198 4339 1264 4379 vero
1274 4340 1323 4397 pro
1338 4323 1399 4380 istis
1414 4339 1482 4396 quas
1496 4339 1545 4396 ego
1560 4320 1620 4378 iudi
1637 4323 1767 4394 querelis,

106 4437 231 4493 semper,
252 4437 371 4480 exerces.
398 4421 505 4495 Projica
526 4423 611 4496 igitur
624 4440 640 4478 a
654 4439 768 4496 corpore
783 4431 832 4480 tuo
852 4426 915 4480 vel-
970 4414 1034 4487 quia
1056 4430 1099 4469 ma
1121 4429 1169 4486 per
1184 4412 1276 4468 Omnia
1300 4411 1438 4479 recretslb
1461 4427 1493 4471 ²0
1516 4427 1612 4468 sensus
1628 4411 1769 4485 paulisper

106 4511 170 4568 lera
183 4511 277 4568 ovium
293 4519 475 4581 mortuarum,
493 4529 581 4586 neque
596 4512 734 4570 delunotis
749 4513 872 4570 volueris
886 4521 913 4570 te
971 4525 1045 4564 meos
1058 4525 1074 4564 a
1087 4506 1340 4566 conflictationibus
1361 4515 1388 4563 et
1413 4506 1515 4579 praeliis
1535 4506 1657 4564 liberasti
1675 4524 1681 4562 :
1696 4506 1770 4564 dona

106 4600 220 4672 operire
235 4601 403 4674 tegminibus
418 4620 425 4670 ;
448 4603 535 4677 magis
549 4601 623 4658 enim
641 4603 696 4675 ipse
712 4617 775 4660 cum
790 4603 872 4659 talem
886 4610 914 4659 te
969 4615 1029 4656 mea
1041 4599 1158 4671 suscipe,
1175 4615 1262 4672 neque
1277 4614 1308 4656 ea
1321 4615 1381 4672 quae
1396 4596 1448 4654 tihi
1463 4598 1559 4666 odero,
1576 4598 1606 4653 iu
1621 4605 1770 4655 maturue-

107 4690 223 4758 feoeris,
241 4690 400 4759 honorabis,
416 4692 481 4766 quia
496 4700 663 4764 temperatur
674 4693 767 4750 anima
781 4694 811 4751 in
826 4691 914 4750 deser·
970 4693 1035 4749 liam
1052 4692 1106 4748 mei
1121 4690 1243 4749 volueris
1257 4707 1392 4748 recusare.
1411 4691 1481 4748 llihi
1497 4692 1582 4760 enim,
1595 4691 1707 4766 quando
1721 4709 1769 4750 sa-

104 4778 150 4834 tis
164 4779 262 4835 vivens
277 4780 355 4838 locis.
372 4781 430 4838 lloc
443 4781 528 4853 igitur
543 4781 608 4838 vitae
630 4791 730 4840 nostra
744 4782 914 4856 propositum
969 4781 1101 4856 pientiam
1115 4781 1249 4838 honorare
1262 4779 1365 4850 iecisti,
1384 4795 1440 4837 non
1464 4781 1604 4838 modicum
1627 4781 1767 4860 profuisti.

103 4867 200 4939 stragis
215 4867 295 4940 elige,
312 4867 392 4940 cujus
406 4869 577 4927 beatitudine
593 4870 655 4944 plus
670 4887 751 4945 quam
766 4870 839 4944 apud
853 4871 916 4928 bla-
970 4872 1073 4945 Hisque
1087 4870 1185 4940 linitis,
1203 4870 1295 4928 innuit
1308 4870 1396 4927 servis
1419 4870 1576 4928 Alexander
1602 4879 1632 4928 ut
1655 4886 1770 4928 munera

102 4959 231 5016 cadones
246 4959 301 5016 frui
326 4960 437 5032 poteris.
463 4961 517 5030 Qui
547 4960 658 5035 quidem
680 4971 707 5018 te
730 4978 778 5034 per
792 4962 915 5035 singulos
969 4979 1030 5036 quae
1053 4960 1247 5036 spoponderat,
1265 4959 1438 5017 exhiberent.
1453 4960 1583 5029 Quimox
1598 4961 1766 5032 auriargen·

101 5055 272 5122 exspectant
287 5049 356 5118 dies,
372 5057 403 5106 ut
418 5052 538 5124 reliquas
549 5059 640 5107 tecum
650 5049 763 5108 diruant
777 5049 913 5120 civitates,
971 5052 1045 5125 tique
1059 5051 1178 5124 optimas
1192 5049 1305 5124 species,
1321 5049 1499 5124 diversasque
1514 5057 1605 5106 vestes
1629 5063 1692 5104 cum
1707 5047 1768 5104 oleo

100 5145 137 5195 et
154 5154 325 5212 quaecunque
337 5139 366 5196 in
380 5140 448 5214 ipsis
462 5140 601 5198 valuerint
615 5140 741 5196 iuvenire
757 5138 890 5212 diripiant
907 5160 913 5198 :
969 5157 1001 5198 ac
1014 5141 1133 5214 panibus
1147 5139 1317 5198 obtuleruut.
1331 5139 1438 5210 Quibus
1452 5139 1520 5197 visis
1534 5136 1684 5196 Dandamis
1694 5137 1766 5206 risit,

99 5245 236 5303 quosque
250 5228 279 5284 in
294 5231 420 5302 prasenti
435 5231 479 5288 die
494 5232 598 5290 tristari
612 5232 732 5288 arbitror
757 5248 789 5289 ac
811 5230 913 5301 dolere,
968 5231 1022 5290 hcc
1035 5229 1130 5290 dicens
1148 5249 1154 5288 :
1175 5230 1319 5303 Numquid
1337 5230 1450 5288 suadere
1473 5227 1571 5286 avibus
1594 5227 1656 5283 istis
1679 5232 1765 5298 potes,

100 5317 187 5392 quod
203 5317 356 5376 incolumes
379 5319 471 5378 adhue
490 5309 625 5395 quasdam
644 5321 757 5379 videant
776 5319 912 5391 nationes,
969 5323 1017 5398 qni
1031 5325 1060 5381 in
1074 5323 1142 5381 locis
1155 5321 1449 5389 silvestribusvivnnt,
1461 5329 1599 5377 otacrum
1612 5325 1767 5391 argeutum·

99 5409 284 5468 occasionem
301 5410 491 5468 nanciscentes
506 5413 691 5486 cupiditatum
706 5429 738 5472 ac
754 5414 914 5488 rapinarum
969 5431 1021 5488 que
1035 5413 1198 5488 suscipiant,
1211 5421 1238 5470 et
1249 5413 1439 5486 meliusquam
1454 5415 1635 5477 consuerunt,
1647 5407 1766 5466 canantl

99 5517 225 5558 suarum
241 5501 432 5558 auctoritatem
447 5501 568 5558 nominis
581 5502 630 5558 tui.
648 5502 733 5570 Quam
753 5519 817 5576 ergo
831 5520 915 5560 secu·
968 5505 1049 5574 Quod
1063 5520 1127 5561 cum
1142 5504 1202 5562 lieri
1217 5504 1331 5562 omnino
1346 5518 1402 5559 non
1417 5497 1513 5574 possit,
1530 5513 1573 5554 me
1589 5496 1646 5558 illis
1654 5497 1697 5554 vis
1709 5512 1767 5554 esse

99 5605 171 5646 ram
187 5591 216 5646 in
230 5591 286 5647 Deo
300 5589 385 5646 vitam
402 5589 504 5663 poteris
518 5591 654 5660 obtinere,
677 5600 704 5648 at
726 5601 757 5649 ut
780 5591 831 5650 tibi
857 5594 914 5666 ipse
968 5594 1114 5668 pejorem?
1128 5593 1184 5655 Cur
1198 5593 1268 5651 illud
1282 5591 1425 5664 accipiam,
1438 5585 1512 5661 quod
1527 5603 1616 5662 neque
1626 5587 1671 5644 edi
1683 5603 1699 5642 a
1710 5603 1764 5656 ure,

95 5679 110 5754 j
116 5696 168 5737 am
184 5683 272 5751 vivas,
294 5682 342 5757 qni
366 5699 442 5741 nunc
465 5683 556 5743 adhuc
575 5685 663 5742 mulla
686 5684 790 5758 cogitas
808 5700 912 5758 rapere,
967 5699 1056 5760 neque
1065 5684 1153 5758 potari
1169 5683 1280 5760 potasti
1295 5681 1351 5740 Cur
1363 5677 1497 5750 accipiam
1506 5675 1580 5750 quod
1595 5675 1664 5734 mibi
1677 5675 1764 5734 nulla-
