4078 6186
273 442 324 502 111
788 441 837 504 ΑΙ)
856 442 973 532 onena
991 445 1020 503 S.
1040 445 1207 508 aussnostl
1226 447 1417 509 APPllNDlX.
1874 454 1925 514 ma

273 592 371 647 unum,
387 590 475 634 unum
489 582 573 652 caput
585 574 717 633 babentes
729 569 884 644 Christum,
905 572 959 632 hoc
972 581 1014 634 est
1026 579 1111 641 ann
1129 592 1259 636 numeros
1272 578 1398 653 proprios
1416 575 1546 648 habeant,
1567 578 1661 638 etsint
1675 577 1808 654 legiones,
1822 585 1855 637 ut
1870 580 1927 656 ipsa

271 673 377 726 ctorem
392 663 468 724 vita.
1129 667 1264 727 Dominus
1287 668 1361 726 dixit
1384 668 1490 742 (Μαιιι.
1515 683 1595 737 xxva,
1618 666 1666 741 53)
1684 685 1692 737 ;
1707 667 1879 743 quiauusu
1892 669 1927 727 ab

309 752 402 826 (Vars.
420 753 478 825 13.)
505 754 623 811 «Donec
633 763 812 808 occurramus
824 764 920 808 omues
931 748 963 807 in
977 749 1075 808 unita-
1129 773 1187 814 uno
1199 763 1228 814 et
1240 773 1288 830 per
1302 773 1390 816 unum
1405 766 1481 825 sunt,
1495 757 1578 816 simul
1596 755 1691 814 omnia
1714 773 1801 816 unum
1824 775 1926 833 corpus

272 850 328 904 tem
356 842 421 902 ndei
449 849 477 900 et
499 839 668 914 agnitionem
690 838 755 898 Filii
768 837 829 898 Dei.
849 865 859 890 ι
884 839 993 897 Tamdiu
1006 839 1075 899 dicit
1129 845 1258 920 appellat.
1276 845 1440 904 sicutenim
1456 846 1579 905 membra
1598 862 1662 904 cum
1681 843 1738 904 sint
1760 845 1843 904 unius
1860 864 1929 907 cor-

272 941 382 992 manere
410 929 626 995 ordinationem,
646 927 771 1004 qnandiu
783 930 875 988 cuncti
895 930 1026 988 destinati
1039 929 1073 990 ad
1130 935 1214 1008 poris,
1235 935 1346 994 diversa
1361 944 1452 994 tamen
1476 944 1541 994 sunt
1561 942 1624 994 actu
1637 941 1666 993 et
1679 934 1832 1010 dignitato:
1847 943 1876 996 et
1889 937 1929 996 ita

271 1023 358 1082 vitam
373 1021 458 1080 nnius
479 1020 536 1078 sint
550 1019 617 1078 fidei
633 1019 664 1076 iu
678 1019 862 1092 cognitionem
877 1019 990 1080 Christi.
1018 1023 1073 1080 «ln
1129 1025 1378 1084 ereaturacondita
1391 1025 1594 1099 setallaoper
1608 1023 1760 1094 Christum,
1775 1033 1808 1084 ut
1827 1025 1926 1086 aChe·
2031 1047 2032 1054 ¹

271 1115 364 1172 viuum
378 1112 542 1187 perlectum,
569 1111 599 1170 iu
616 1126 773 1170 mensnram
785 1112 874 1170 atatis
887 1111 1072 1186 plenitudinis
1129 1114 1219 1172 rubim
1245 1122 1273 1174 et
1301 1115 1442 1190 Seraphim
1470 1113 1611 1188 potentiis,
1636 1127 1697 1188 que
1720 1112 1773 1171 sub
1794 1113 1859 1172 sede
1875 1115 1927 1173 Dei

271 1205 412 1266 Christi.»
441 1204 482 1262 Ita
503 1200 701 1260 elaborandum
727 1202 864 1276 hortatur,
889 1211 921 1260 ut
940 1203 1073 1278 perlectio
1128 1211 1204 1272 suut,
1218 1212 1246 1262 et
1260 1205 1373 1278 Angelis
1388 1221 1458 1278 quos
1478 1204 1537 1278 ipse
1545 1202 1682 1260 Dominus
1691 1211 1800 1263 sanctos
1809 1203 1930 1277 appellat

270 1294 335 1353 fidei
357 1291 593 1368 apprehendatur:
613 1291 694 1367 cujus
714 1292 846 1352 haeretic
869 1301 920 1363 est,
939 1301 970 1351 ιι
987 1292 1073 1352 Cbri-
1129 1292 1227 1366 (aare.
1254 1310 1317 1363 mu,
1343 1292 1403 1366 38),
1418 1292 1498 1367 quasi
1512 1290 1637 1367 quadam
1661 1292 1851 1350 concatenatio
1879 1291 1927 1362 sit,

270 1394 343 1444 stum
369 1380 522 1457 perlectum
546 1389 575 1439 et
588 1384 700 1457 plenum
714 1385 802 1442 Deum
819 1391 910 1442 tanam
925 1383 1003 1454 lides,
1020 1401 1071 1443 nec
1128 1382 1260 1458 usquead
1275 1383 1480 1440 firmamentum
1493 1381 1622 1440 ordinata
1638 1380 1826 1450 descendens;
1842 1388 1873 1439 ut
1887 1389 1928 1440 to·

271 1489 402 1532 mensura
414 1472 537 1530 humana
552 1473 692 1543 metiatur,
710 1474 800 1532 sedin
815 1474 987 1549 plenitudiue
1000 1475 1071 1532 divi·
1127 1478 1187 1529 tum
1209 1481 1237 1531 et
1256 1471 1385 1546 junctum
1400 1472 1446 1542 sit,
1462 1479 1489 1530 et
1503 1471 1611 1528 meritis
1623 1478 1715 1528 tamen
1730 1469 1926 1541 discernatur;

270 1560 366 1621 nitatis
394 1560 473 1638 quasi
501 1561 639 1636 perlectus
661 1565 735 1620 Deus
764 1562 906 1621 habeatur.
922 1565 978 1623 Noc
996 1565 1071 1624 cuim
1129 1561 1238 1620 meritis
1252 1562 1380 1620 diconon
1396 1562 1484 1619 solum
1500 1558 1929 1631 officiorumscdatnamrarum·

270 1656 423 1732 perlectum
452 1654 557 1724 diceus,
583 1654 675 1724 virum
697 1655 844 1730 temporali
857 1663 935 1714 atate
950 1664 977 1714 et
990 1673 1071 1714 men·
1126 1653 1182 1711 Nec
1209 1653 1282 1711 enim
1311 1652 1377 1729 qnia
1402 1653 1500 1728 juncta
1522 1650 1592 1711 dicit
1613 1651 1717 1721 omnia,
1742 1650 1823 1708 unius
1844 1659 1932 1709 erunt

270 1762 334 1804 sura
355 1743 509 1819 significan
532 1741 580 1800 sed
605 1759 653 1818 per
675 1743 727 1802 hoc
751 1745 857 1804 dictum
872 1745 1007 1820 perlectos
1021 1763 1071 1805 nos
1127 1751 1252 1800 natura:
1276 1741 1324 1800 scd
1338 1741 1411 1817 quod
1427 1741 1455 1798 in
1471 1757 1584 1815 corpore
1599 1739 1724 1798 membra
1746 1739 1853 1798 faciunt
1865 1740 1930 1798 dis-

272 1835 334 1892 vult
349 1832 410 1891 lieri
424 1831 453 1889 in
466 1830 640 1906 plenitudine
654 1832 811 1893 intellectus
826 1834 983 1894 divinitatis
1003 1837 1069 1894 Filii
1126 1842 1203 1890 creta
1222 1832 1325 1891 officiis
1341 1831 1412 1904 (11),
1428 1847 1483 1888 non
1498 1835 1617 1899 natura;
1637 1829 1677 1888 ita
1692 1837 1720 1888 et
1733 1829 1763 1886 iu
1779 1828 1930 1887 hisomni-

270 1921 331 1982 Dei.
1083 1944 1107 2006 B
1127 1920 1180 1979 bus
1205 1938 1262 1979 nou
1283 1921 1416 1990 membra,
1443 1919 1491 1979 sed
1505 1929 1610 1979 naturas
1624 1919 1690 1994 ipsae
1705 1919 1811 1978 iaciunt
1823 1919 1930 1978 distin-

308 2010 400 2086 (Vers.
417 2010 475 2084 lt.)
503 2034 512 2060 ι
534 2010 571 2069 Ut
590 2011 663 2070 ultra
677 2027 733 2069 non
747 2010 835 2069 simus
848 2013 968 2086 parvuli,
984 2028 1073 2088 neque
1127 2011 1245 2070 cilones.
1271 2011 1330 2068 Hoc
1350 2019 1392 2068 est
1405 2027 1469 2084 crgo
1493 2009 1567 2084 quod
1582 2009 1733 2077 laboratur,
1749 2016 1781 2066 ut
1793 2008 1829 2067 ad
1840 2026 1928 2068 unum

269 2100 445 2173 lluctuautes,
462 2109 491 2158 et
503 2100 732 2160 circumferamur
748 2101 825 2159 omni
841 2109 924 2160 vento
938 2103 1072 2162 doctrinas
1126 2118 1238 2160 sensum
1273 2100 1414 2175 redigatur
1442 2107 1588 2169 creatura,
1622 2108 1650 2157 et
1676 2100 1706 2158 in
1731 2115 1814 2158 sensu
1840 2115 1928 2158 unum

268 2190 298 2249 in
312 2191 437 2267 nequitie
453 2189 612 2261 hominnm,
627 2190 655 2248 in
670 2189 780 2261 astutia,
792 2190 826 2249 ad
837 2190 990 2250 remedium
999 2207 1071 2249 erro·
1127 2190 1163 2248 sit
1176 2206 1288 2266 corpus,
1301 2189 1368 2247 dnm
1383 2189 1508 2248 omnium
1525 2206 1581 2246 una
1596 2189 1730 2263 professio
1752 2197 1803 2259 est,
1819 2197 1851 2247 nt
1863 2205 1929 2248 oon·

268 2279 317 2338 ris.
340 2304 350 2332 ι
377 2279 519 2339 Fundatcs
541 2288 568 2338 et
583 2280 699 2340 stabiles
712 2297 770 2340 esse
785 2297 836 2338 nos
859 2281 921 2338 vult
939 2281 969 2338 in
983 2281 1073 2340 disci-
1125 2280 1221 2340 cordat
1258 2279 1286 2336 in
1327 2278 1461 2337 charitate
1491 2278 1629 2338 Creatoris
1665 2279 1700 2338 ad
1733 2296 1814 2338 snum
1839 2279 1929 2356 prole·

268 2369 351 2443 plina
365 2367 430 2426 lidei
443 2369 597 2440 catholicae,
613 2386 695 2446 quam
713 2371 810 2428 Petrus
824 2370 977 2444 apostolus,
997 2386 1072 2428 reve·
1126 2378 1212 2439 ctum;
1240 2373 1314 2432 243
1341 2368 1491 2428 reedificat
1518 2367 1592 2426 enim
1620 2385 1649 2427 se
1672 2368 1701 2427 in
1723 2370 1858 2444 templum
1872 2371 1928 2428 Do

268 2459 342 2516 lanta
355 2458 423 2527 Deo,
438 2457 579 2533 prulessus
593 2467 635 2517 est
654 2459 761 2533 (Μαιιι.
777 2476 838 2531 avr,
853 2459 898 2533 16)
911 2477 918 2528 ;
934 2475 986 2517 nec
999 2475 1072 2517 veu·
1128 2465 1206 2536 mini,
1228 2463 1450 2525 destmctaenim
1465 2464 1557 2524 luerat
1570 2463 1710 2523 dementia
1724 2472 1752 2523 et
1766 2466 1859 2522 lurore
1868 2465 1928 2523 dia·

166 2581 171 2586 =
268 2551 342 2609 tilari
354 2567 405 2609 nos
417 2551 576 2612 oberrantes
591 2570 640 2628 per
653 2553 825 2612 diversarum
841 2552 975 2610 heresum
990 2551 1072 2625 pesti·
1124 2555 1193 2613 boli.

268 2641 398 2700 lenticsas
415 2642 633 2700 asseverationes
648 2643 771 2716 nequitia
789 2641 910 2698 humana
923 2642 1069 2710 iuventas;
1162 2643 1254 2717 (Vere.
1284 2643 1327 2714 ll,
1355 2643 1413 2719 18.)
1435 2643 1518 2700 «Hoc
1531 2659 1595 2719 ergo
1611 2641 1675 2701 dico
1688 2651 1715 2701 ct
1730 2650 1813 2700 testor
1830 2643 1859 2700 in
1873 2645 1929 2701 Do·

267 2738 299 2788 nt
317 2746 366 2806 per
384 2729 434 2788 has
457 2729 579 2789 fallentis
602 2731 710 2789 inimici
725 2730 777 2789 sub
790 2730 847 2788 veri
864 2729 976 2788 nomine
995 2746 1071 2788 error
1125 2731 1212 2802 mino,
1236 2741 1269 2790 ut
1294 2747 1352 2789 uon
1373 2730 1533 2802 ambuletis,
1551 2733 1624 2790 sicut
1637 2739 1664 2789 et
1678 2739 1771 2804 gentes
1785 2731 1931 2790 ambulant

268 2818 354 2895 possit
375 2817 478 2877 ellarii.
494 2820 553 2877 lloc
566 2819 641 2877 enim
657 2819 811 2878 remedium
831 2826 873 2876 est
886 2819 1024 2889 salsitatis,
1040 2827 1071 2876 ut
1124 2821 1153 2878 in
1164 2822 1288 2879 vanitate
1296 2820 1397 2878 mentis
1412 2837 1478 2890 sua,
1494 2821 1635 2880 obscurati
1644 2820 1798 2893 intellectu,
1813 2821 1931 2880 alienati

268 2909 320 2967 sub
333 2914 470 2981 pretextu
484 2906 610 2964 veritatis
625 2907 739 2966 inducat
753 2924 873 2966 errorem
887 2927 894 2978 ;
909 2915 937 2966 at
950 2924 1006 2966 ncn
1021 2926 1070 2968 so-
1124 2927 1140 2968 a
1157 2911 1212 2969 dde
1232 2911 1283 2969 Dei
1298 2917 1410 2985 propter
1424 2910 1618 2986 ignorantiam,
1636 2927 1695 2985 qua
1710 2917 1751 2967 est
1765 2911 1795 2967 in
1811 2910 1892 2984 ipsis.
1907 2936 1918 2958 ι

268 2998 325 3056 lum
351 2994 403 3054 sub
421 2995 480 3052 veri
504 2995 627 3065 nomine,
643 2996 690 3052 sed
705 3007 732 3054 et
746 3013 790 3068 ne,
806 2998 878 3055 sicut
891 3005 954 3054 aute
967 3014 1070 3072 accep·
1124 3001 1298 3061 llanilcstato
1324 3009 1456 3075 creatore,
1489 3010 1516 3060 ct
1548 2991 1652 3060 ratione
1683 3009 1802 3070 ostensa,
1837 3019 1926 3078 quam

267 3099 324 3148 tam
350 3089 434 3148 fidem
453 3104 536 3146 sensu
554 3087 675 3145 humiles
697 3089 865 3164 vagabamur
883 3106 931 3165 par
946 3089 1070 3149 diversos
1123 3091 1200 3165 sequi
1221 3091 1318 3149 debeat
1340 3100 1477 3161 creatura,
1503 3091 1533 3147 in
1561 3090 1616 3148 fide
1633 3090 1683 3148 Dei
1706 3089 1748 3146 sui
1776 3090 1930 3163 duntaxat,

267 3194 385 3250 errores,
401 3177 496 3236 fideles
511 3177 576 3236 lacti
584 3176 800 3236 discurreremus
815 3177 935 3252 lragiles,
949 3187 977 3237 et
989 3179 1069 3238 dubii
1123 3187 1293 3238 contestatur
1311 3179 1375 3238 illos
1403 3181 1433 3238 in
1455 3180 1555 3250 Deum,
1577 3187 1610 3236 ιιι
1627 3195 1682 3236 non
1702 3178 1782 3236 aliter
1796 3179 1930 3237 incedant

267 3269 302 3329 de
324 3283 372 3344 spe
393 3265 540 3344 promissa,
566 3273 741 3336 commonet;
766 3266 900 3343 quiajam
914 3267 1066 3328 Christiani
1080 3311 1102 3371 C
1123 3269 1167 3326 vel
1182 3269 1314 3354 sentiant,
1329 3285 1411 3345 quam
1426 3269 1579 3337 docentur;
1605 3285 1640 3326 ue
1655 3268 1760 3326 similes
1773 3268 1927 3342 gentilibus

267 3358 344 3429 facti,
366 3355 475 3417 laudati
497 3373 554 3415 esse
569 3355 681 3427 debent,
701 3355 766 3432 quia
789 3357 957 3433 ambiguitas
968 3359 995 3416 in
1012 3356 1066 3415 lida
1120 3358 1309 3428 inveniantur,
1325 3359 1373 3433 qui
1394 3375 1446 3416 nec
1466 3358 1549 3417 fidam
1568 3357 1716 3433 recipiunt,
1733 3374 1785 3416 uec
1801 3373 1927 3416 conver-

267 3459 362 3510 uostra
380 3457 508 3520 nonest;
531 3451 743 3510 commendatur
757 3451 832 3509 enim
848 3450 951 3510 virtute
966 3451 1066 3527 prodi·
1119 3449 1264 3519 sationem,
1289 3464 1371 3522 quam
1397 3447 1509 3506 mandat
1536 3449 1593 3519 lex,
1619 3447 1766 3506 obscurum
1789 3446 1927 3506 habentes

267 3541 386 3614 giorum.
1119 3556 1240 3608 sensnm,
1249 3556 1284 3597 nc
1297 3539 1520 3614 contemplentur
1529 3537 1618 3596 diuini
1630 3539 1752 3597 nominis
1760 3539 1924 3598 veritatem.

304 3627 397 3700 (Vens.
415 3627 473 3702 ld.)
497 3654 507 3677 ι
520 3629 672 3688 Veritatem
686 3635 778 3687 autem
791 3628 923 3687 iacientes
938 3629 966 3686 in
977 3628 1066 3688 chari·
1119 3627 1277 3687 Vanaenim
1288 3635 1432 3698 sectantes,
1444 3637 1580 3703 quaeunt
1594 3627 1762 3699 idololatria,
1777 3627 1922 3686 infrenan-

266 3724 332 3786 tate,
362 3733 512 3790 augeamur
537 3718 565 3776 in
592 3719 652 3794 ipsc
675 3735 723 3794 per
745 3719 848 3789 omnia,
868 3718 916 3794 qui
930 3727 971 3778 eet
983 3725 1066 3791 caput
1119 3725 1166 3775 tur
1179 3734 1195 3774 a
1207 3716 1335 3787 diaholo,
1351 3733 1386 3775 ne
1401 3717 1484 3775 unius
1497 3717 1548 3776 Dei
1563 3718 1615 3776 iter
1629 3717 1768 3788 incedant,
1783 3724 1814 3774 ut
1829 3717 1923 3775 socios

267 3805 404 3865 Christus.
429 3831 438 3855 ·
467 3807 544 3864 lianc
566 3807 636 3866 dicit
655 3825 714 3866 esse
728 3809 883 3879 veritatem,
899 3817 930 3866 ut
943 3824 1065 3866 amorem
1120 3807 1182 3866 illos
1194 3824 1251 3866 suas
1264 3807 1429 3881 perditionis
1445 3807 1555 3866 alliciat.

267 3893 370 3955 Christi
394 3894 581 3970 respicientes,
604 3911 659 3972 quo
679 3897 779 3958 dilexit
791 3914 851 3968 nos,
867 3906 895 3956 ct
907 3897 1022 3958 tradidit
1035 3913 1065 3956 se
1156 3897 1247 3971 (Vens.
1271 3897 1328 3969 m.)
1352 3898 1411 3954 «Et
1432 3896 1584 3956 caecitatem
1608 3896 1700 3955 cordis
1723 3896 1848 3967 illorum,
1872 3899 1925 3970 qui

266 4001 316 4060 pro
332 3985 423 4056 nobis,
436 3985 531 4042 omnia
543 3986 724 4060 subjiciamus
738 3987 773 4058 ei,
787 3988 905 4045 scientes
919 3989 986 4062 quia
999 4005 1064 4046 om·
1118 3984 1302 4060 desperantes,
1317 3987 1478 4060 semetipsos
1496 3985 1669 4044 tradiderunt
1693 3983 1877 4060 impudicitiis
1891 3983 1923 4040 in

266 4077 344 4135 nium
367 4084 464 4133 auctor
485 4082 526 4132 est
541 4074 616 4146 vitm,
632 4085 661 4135 nt
676 4075 1065 4151 quasicapitimembrasub·
1118 4076 1304 4148 operationem
1342 4074 1529 4133 immunditia
1561 4076 1654 4132 omnis
1685 4085 1712 4134 et
1745 4073 1881 4134 avaritia.
1906 4099 1917 4122 ι

266 4167 384 4233 dantur;
415 4172 448 4222 ut
471 4165 494 4222 si
508 4165 556 4224 alii
571 4183 661 4225 errore
675 4168 720 4223 vel
740 4166 933 4224 malevolentia
947 4184 1003 4225 non
1017 4167 1065 4224 la-
1118 4164 1241 4225 Gentiles
1263 4164 1363 4223 luturae
1378 4164 1588 4222 resurrectionis
1599 4163 1788 4238 desperatione
1807 4161 1924 4221 cacita-

265 4262 359 4312 tantur
371 4254 465 4313 omnia
486 4264 568 4331 eaput
592 4256 692 4315 habere
707 4254 860 4326 Christum,
876 4255 940 4330 quia
955 4257 990 4315 ab
1005 4256 1064 4331 ipso
1117 4261 1174 4313 tem
1188 4253 1280 4312 cordis
1294 4253 1395 4311 habere
1418 4252 1565 4328 significat.
1581 4253 1665 4321 Quasi
1687 4252 1849 4311 enimultra
1862 4267 1923 4309 non

265 4343 337 4403 lacta
355 4355 419 4406 sunt
439 4349 583 4408 voluntate
595 4348 703 4419 Patris;
728 4365 779 4406 nos
797 4356 888 4405 mnan
903 4345 949 4422 qui
964 4346 1065 4405 eatbo-
1118 4343 1205 4402 luturi
1232 4343 1318 4402 vitam
1342 4359 1420 4402 suam
1435 4343 1625 4402 contaminant
1644 4340 1806 4416 turpissima
1819 4356 1924 4416 opera-

265 4433 326 4492 lica
346 4435 412 4493 fidei
433 4437 613 4508 adhaeremus,
633 4437 687 4496 huc
707 4438 783 4496 omni
798 4435 945 4496 devotione
957 4444 984 4494 et
997 4452 1065 4495 cura
1118 4435 1205 4502 tione,
1227 4435 1353 4493 nolentes
1365 4451 1395 4492 se
1409 4431 1545 4506 subjicere
1568 4434 1621 4508 legi
1640 4431 1722 4502 bdei;
1740 4432 1804 4508 quia
1819 4430 1924 4507 probi-

264 4538 343 4597 agere
363 4524 506 4596 debemus,
521 4533 554 4582 ut
567 4525 633 4582 huic
646 4526 711 4583 lidei
727 4542 782 4583 non
797 4522 939 4595 damnum,
954 4525 1001 4584 sed
1015 4525 1064 4582 lu·
1117 4524 1165 4582 het
1178 4525 1349 4598 voluptatem
1364 4530 1475 4598 propter
1489 4539 1564 4598 spem
1579 4523 1644 4582 vita
1659 4523 1769 4593 futuras,
1785 4538 1868 4598 quam
1890 4519 1924 4578 hi

264 4628 341 4671 crum
357 4613 514 4681 aderamus,
529 4621 734 4688 perseverantes
748 4613 837 4670 iuhac
851 4615 1061 4685 asseveratione;
1119 4615 1224 4674 idcirco
1238 4613 1381 4673 ridendam
1398 4621 1519 4684 censent,
1534 4620 1566 4670 ut
1575 4611 1829 4687 juredehonestare
1842 4627 1883 4681 se,
1893 4617 1925 4667 et

264 4709 296 4758 ut
313 4701 531 4776 comprimantur
547 4717 637 4776 pravas
662 4701 763 4760 mentis
781 4701 920 4778 colloquia
931 4703 1062 4760 adversus
1076 4675 1101 4737 D
1115 4705 1204 4764 aliana
1211 4713 1338 4780 appetere
1346 4703 1428 4762 avida
1437 4701 1588 4779 cupiditate
1598 4703 1756 4775 videantur,
1764 4703 1843 4779 quasi
1857 4691 1925 4776 post

265 4791 411 4851 veritatem
430 4800 543 4849 armata.
1115 4793 1188 4852 banc
1201 4792 1457 4866 transpunctionem
1472 4793 1550 4849 nulla
1565 4793 1602 4850 sit
1616 4793 1684 4850 vita.

302 4890 393 4964 (Vera.
425 4889 481 4964 ld.)
514 4891 590 4948 «Ex
605 4907 660 4965 quo
675 4899 1062 4966 totumcorpnscompactum
1153 4891 1244 4966 (Vens.
1260 4889 1306 4961 m,
1321 4889 1379 4965 21.)
1399 4915 1409 4940 ι
1428 4889 1485 4949 Vos
1511 4899 1604 4948 autem
1632 4908 1688 4949 non
1717 4890 1756 4948 ita
1778 4889 1925 4948 didicistis

264 4988 291 5037 et
312 4995 468 5039 connexum
494 4997 543 5055 per
568 4997 678 5037 omnem
689 4979 847 5054 juncturam
864 4981 1063 5039 subministra·
1116 4980 1269 5051 Christum,
1282 4983 1306 5038 si
1327 4988 1419 5040 mmen
1436 4980 1515 5039 illum
1531 4981 1659 5052 audistis,
1676 4989 1703 5039 et
1717 4981 1748 5037 iu
1763 4979 1813 5037 illo
1827 4977 1923 5037 edocti

263 5071 349 5129 tionis
363 5071 512 5128 secundum
534 5068 721 5144 operationem
737 5069 765 5126 in
790 5087 946 5128 mensuram
967 5071 1061 5127 nnius·
1115 5071 1192 5141 estis,
1220 5070 1293 5129 sicut
1319 5078 1361 5128 est
1381 5069 1484 5129 ueritas
1506 5071 1536 5129 in
1557 5073 1658 5130 lesu.»
1679 5069 1858 5130 Manifestum
1878 5075 1927 5126 est

263 5161 396 5236 cujusque
410 5161 507 5234 partis,
523 5160 725 5217 incrementum
741 5160 941 5234 corporislacit
953 5161 987 5220 ad
997 5159 1061 5218 adi-
1116 5160 1287 5220 Cbristianos
1302 5174 1358 5216 non
1380 5156 1598 5234 desperationem
1622 5169 1684 5236 post
1700 5169 1817 5218 mortam
1845 5157 1927 5216 hauc

264 5252 419 5311 ficationem
444 5253 488 5310 sui
514 5251 543 5309 iu
568 5247 736 5310 charitate·
764 5251 824 5321 Qua
842 5251 948 5310 ratione
975 5250 1062 5311 Chri·
1115 5249 1255 5321 didicisse,
1282 5247 1330 5306 scd
1351 5263 1427 5323 spem
1451 5248 1486 5306 ad
1508 5256 1675 5323 utrumque;
1700 5247 1830 5308 fidelihus
1843 5245 1928 5304 euim

263 5350 337 5401 stum
363 5349 445 5415 capnt
465 5358 523 5400 esse
547 5339 671 5398 omnium
696 5341 809 5411 dixerit,
829 5341 925 5410 docet;
952 5357 987 5399 ex
1001 5340 1061 5415 ipsu
1115 5340 1183 5409 vita,
1196 5337 1309 5414 pertidia
1323 5354 1390 5395 vero
1412 5337 1585 5414 promittitur
1603 5355 1689 5409 mors,
1704 5354 1766 5414 qua
1781 5344 1823 5394 est
1837 5351 1929 5411 penna

262 5431 348 5501 enim,
373 5431 475 5507 inquit,
498 5437 589 5488 totum
615 5446 725 5505 corpus,
748 5429 777 5488 id
791 5437 841 5499 est,
855 5429 946 5487 omnis
960 5429 1061 5488 chorus
1115 5437 1234 5496 aternu
1251 5435 1282 5484 ut
1296 5427 1355 5485 sive
1370 5445 1454 5498 mors,
1469 5427 1529 5486 sive
1542 5428 1641 5486 vitain
1656 5427 1769 5487 Christo
1783 5425 1927 5490 discatur3

263 5521 501 5596 Archangelorunr
524 5530 551 5579 et
578 5519 777 5588 Potentiarum,
805 5518 1011 5592 Principatuum
1034 5527 1061 5576 at
1115 5516 1179 5593 quia
1191 5515 1238 5592 qui
1253 5533 1316 5574 eum
1329 5517 1464 5592 sequitur,
1479 5533 1528 5592 per
1541 5532 1604 5575 enm
1620 5525 1742 5592 resurget
1756 5513 1793 5574 ad
1807 5513 1898 5571 uitam
1917 5534 1926 5572 :

263 5611 432 5671 Potestatum
461 5609 598 5670 subsistit.
626 5608 758 5678 Quamvis
778 5608 851 5667 enim
868 5609 976 5684 singula
1001 5609 1061 5666 haec
1114 5606 1162 5684 qni
1178 5620 1243 5662 vero
1264 5603 1437 5664 discernitse
1456 5604 1491 5662 ab
1505 5621 1547 5676 ec,
1568 5621 1616 5681 per
1633 5622 1697 5665 eum
1711 5603 1931 5680 mancipabitur

300 5793 359 5868 (11)
382 5794 461 5853 Rom.
491 5793 558 5853 edit.
582 5795 650 5864 sala,
675 5791 725 5850 Sed
746 5792 876 5867 puormdo
899 5790 928 5850 iu
950 5807 1060 5867 corpore
1074 5785 1432 5865 numbrofuciuotdisemte
1447 5785 1541 5864 officim
