4046 6208
258 275 328 337 roos
767 276 816 331 nn
835 272 952 331 orum
970 272 998 329 s.
1016 227 1183 330 nnenosu
1202 267 1391 327 urrunnun.
1449 281 1452 288 ‚
1843 266 1912 324 roos

255 403 361 472 electis,
383 408 415 458 nt
442 407 541 456 exeant
565 415 580 454 a
603 397 754 471 Babylone,
777 413 833 453 uon
855 413 978 469 corpore,
1003 393 1051 452 sed
1067 397 1092 456 Α
1107 393 1321 466 memoriamque
1336 391 1433 448 mortis
1449 409 1465 449 a
1479 396 1570 446 mente
1583 404 1633 445 sna
1647 387 1788 459 rejiciunt,
1804 403 1840 443 ne
1854 389 1912 443 tri-

255 501 357 550 mente.
372 489 610 558 Quemadmodum
625 496 717 544 autem
733 487 904 560 aBabylone
918 485 994 542 exire
1007 485 1052 542 de·
1106 489 1156 545 stis
1170 487 1300 560 cogitatio
1316 485 1441 543 letitiam
1456 481 1549 540 cordis
1563 497 1658 538 eorum
1675 480 1828 554 perturbet.

253 581 347 649 beant,
363 577 584 652 insequentibus
598 578 688 647 docet,
713 576 823 634 dieens:
849 577 887 633 Et
912 592 944 631 ne
966 573 1052 647 porti·
1142 577 1233 650 (Vara.
1246 576 1287 649 8.)
1303 575 1364 632 ideo
1379 575 1408 630 in
1420 589 1475 629 nna
1485 571 1528 628 die
1540 571 1736 642 smientptoge
1746 569 1815 640 ejus,
1826 586 1911 638 mors,

254 672 322 744 cipes
335 669 393 724 sitis
407 670 564 726 delictorum
572 668 629 739 eins
641 667 704 734 ;illi
719 667 819 724 anima
833 666 974 740 Babylone
989 681 1051 723 cou-
1106 673 1132 722 et
1157 667 1250 732 lactus,
1270 671 1295 720 et
1316 663 1408 734 fomes.
1433 663 1465 719 iu
1489 661 1534 718 die
1555 659 1656 733 judicii
1680 677 1752 717 mors
1778 667 1913 732 perpetua

253 759 397 816 venienter
422 765 539 828 exeunt,
566 757 614 832 qui
642 774 658 814 a
682 757 762 814 malis
781 756 911 830 operibus
937 753 996 827 ejus
1024 770 1052 810 se
1106 755 1148 812 illi
1162 754 1265 821 veniet,
1281 769 1341 828 quaa
1355 753 1385 808 in
1399 752 1453 810 hoc
1467 751 1539 808 liBro
1555 767 1628 807 mors
1645 749 1766 807 secunda
1783 759 1911 806 vocatur.

253 851 358 907 alienos
372 849 502 920 reddunt,
518 850 589 906 sicut
612 849 758 906 Psalmista
785 848 818 905 de
832 848 978 920 semetipso
1005 847 1052 902 lo-
1106 847 1209 903 Luctus
1228 843 1271 900 illi
1285 844 1388 912 veniet,
1404 842 1476 900 sicut
1490 841 1626 899 Dominus
1645 838 1714 896 dicit
1734 839 1762 895 iu
1778 839 1912 910 Evange-

253 941 358 1014 quitur,
380 939 492 998 dicens:
516 963 525 986 ι
541 941 601 996 Non
616 939 674 996 sedi
690 939 718 994 in
733 937 851 994 consilio
866 935 1009 1004 vanitatis,
1025 943 1052 991 et
1107 936 1144 991 lio
1160 954 1165 991 :
1187 959 1196 982 ι
1212 933 1253 991 lbi
1268 933 1320 989 erit
1333 933 1412 989 iletus
1426 939 1452 988 et
1465 930 1567 988 stridor
1581 929 1707 986 dentium
1725 928 1833 1000 (Dalm.
1848 945 1911 996 rur,

252 1045 316 1087 cum
332 1028 429 1102 iniqua
444 1029 602 1102 gerentibus
612 1043 668 1084 non
682 1026 796 1083 introivi
809 1026 895 1098 (Paul.
907 1041 976 1092 xxv,
991 1023 1044 1095 i).»
1108 1023 1164 1096 lil.
1180 1049 1189 1072 ι
1212 1025 1308 1080 Fames
1322 1021 1364 1078 illi
1380 1021 1483 1087 veniet,
1502 1018 1530 1076 id
1545 1027 1596 1087 est,
1610 1019 1697 1074 fames
1712 1016 1819 1090 requiei
1833 1035 1841 1080 ;
1858 1016 1912 1073 de-

288 1122 325 1176 Et
339 1119 468 1192 depingis
484 1118 541 1188 ejas
560 1135 614 1174 non
626 1117 774 1189 accipiatis.
799 1114 871 1183 Quid
887 1124 951 1171 sunt
966 1114 1052 1187 plagae
1106 1113 1266 1171 siderabuut
1280 1112 1355 1169 enim
1370 1127 1386 1168 a
1401 1111 1488 1184 poenis
1510 1109 1691 1182 requiescere,
1711 1124 1779 1181 quas
1803 1107 1912 1180 patien-

252 1208 413 1282 Babylouis,
430 1207 485 1264 nisi
498 1207 568 1264 vitia
583 1223 642 1280 qnae
661 1207 767 1263 animas
777 1203 973 1262 interficiunt?
988 1204 1052 1259 Pos-
1106 1211 1162 1271 tur,
1177 1201 1211 1259 ad
1226 1218 1307 1276 quam
1322 1200 1444 1274 requiem
1460 1199 1539 1255 unllo
1555 1196 1638 1254 modo
1652 1197 1827 1270 pervenient.

252 1313 349 1355 sumus
364 1297 447 1354 etiam
462 1313 511 1370 per
523 1297 616 1370 plagas
631 1293 782 1370 Babylonis
795 1311 900 1369 poenas,
916 1309 977 1368 quae
994 1293 1052 1349 im·
1143 1293 1234 1366 (Vera.
1249 1293 1276 1361 9,
1294 1290 1350 1363 ld.)
1374 1292 1413 1347 Et
1429 1289 1485 1362 igni
1507 1289 1696 1354 comburetnr;
1719 1285 1747 1342 id
1772 1293 1825 1355 est,
1851 1285 1913 1357 igne

252 1387 307 1460 piis
318 1394 478 1460 praeparatae
492 1395 567 1456 snut,
583 1387 747 1460 intelligere,
763 1395 794 1442 nt
809 1385 847 1441 sit
859 1399 975 1442 sensus:
992 1382 1021 1439 Si
1036 1399 1052 1438 a
1106 1390 1217 1439 aeterua.
1234 1382 1364 1449 Quoniam
1385 1378 1467 1452 sortis
1487 1385 1525 1434 est
1548 1376 1688 1446 Dominus,
1712 1375 1760 1448 qni
1776 1375 1915 1445 judicabit

252 1476 401 1534 sceleribus
414 1475 565 1550 Euhylonis
581 1474 812 1544 ahstinueritis,a
838 1473 928 1546 poeuis
940 1487 1008 1545 quas
1021 1469 1051 1524 in
1104 1473 1192 1531 illam.
1212 1475 1251 1531 Et
1271 1472 1378 1544 flebunt,
1401 1479 1430 1560 et
1440 1473 1568 1544 plangent
1589 1487 1616 1527 se
1637 1485 1719 1542 super
1740 1468 1820 1526 illurn
1839 1485 1912 1541 repes

251 1571 385 1624 aeternum
399 1566 529 1639 patietur,
546 1565 631 1623 alieni
646 1564 734 1621 eritis.
1106 1568 1192 1631 urse,
1220 1563 1266 1634 qui
1289 1579 1349 1619 cnm
1370 1563 1421 1620 illo
1445 1561 1575 1630 (ornnuti
1597 1565 1670 1630 eunt,
1699 1565 1725 1616 et
1751 1559 1782 1615 in
1809 1559 1913 1617 deliciis

289 1655 380 1729 (Vera.
395 1656 436 1728 5.)
453 1655 585 1725 θιιοπίαηι
597 1659 774 1728 peremerant
784 1657 890 1726 peccata
900 1649 957 1721 qus
970 1665 1052 1720 nsque
1104 1655 1241 1721 aisement,
1248 1670 1307 1709 cnm
1318 1651 1434 1709 viderim
1443 1651 1547 1722 inmun
1557 1647 1671 1706 incendii
1677 1648 1744 1719 qen,
1757 1649 1835 1721 longa
1842 1656 1912 1706 stoa·

252 1743 399 1812 edacium,
414 1749 439 1800 et
452 1744 609 1801 rmerdotns
633 1750 671 1800 est
696 1743 768 1800 Dens
795 1740 963 1813 iniquitatem
990 1737 1056 1810 ejece,
1071 1753 1095 1815 Β
1110 1749 1263 1816 tespropter
1275 1744 1394 1799 timorem
1404 1738 1800 1810 tormmtornmejns,dicentes:
1813 1741 1913 1805 Venae

251 1831 415 1905 iniquitates
429 1831 582 1906 Babylonis
597 1831 773 1905 omnipotens
796 1832 869 1887 Deus
888 1843 996 1901 semper
1011 1827 1051 1884 in·
1105 1833 1258 1890 eioitusilie
1266 1833 1398 1904 Babylon,
1408 1831 1501 1888 ciuitas
1511 1827 1836 1900 illesortis;quiuinuau
1846 1830 1910 1885 born

252 1926 364 1988 tuetur;
380 1919 428 1978 sed
443 1937 507 1979 cum
522 1920 675 1980 vindictam
690 1937 748 1977 uon
762 1919 860 1994 exigit,
871 1919 982 1976 videtur
995 1933 1052 1974 nou
1105 1923 1175 1981 venis
1183 1922 1317 1993 judicium
1331 1921 1426 1978 sanni
1440 1918 1514 1988 Quid
1526 1919 1563 1977 sit
1575 1917 1724 1976 fornicatio
1738 1933 1837 1991 regum
1849 1935 1911 1976 sum

251 2009 346 2067 videre
360 2010 433 2084 qnod
447 2009 534 2067 videt.
553 2009 604 2068 Per
620 2011 675 2070 hoc
689 2027 753 2086 ergo
782 2009 948 2086 qnoddieit,
978 2007 1051 2066 illud
1106 2012 1388 2086 Babylonesnperius
1402 2009 1526 2067 diximus
1543 2027 1550 2066 :
1566 2007 1614 2066 sed
1637 2008 1741 2066 mirum
1763 2007 1850 2065 valde
1872 2017 1913 2066 est

250 2099 377 2172 designat
389 2099 449 2173 (59)
465 2106 585 2174 tempus,
602 2099 633 2158 iu
649 2117 703 2176 qno
718 2117 813 2160 omnes
823 2100 903 2173 impii
922 2106 1053 2174 perpetua
1107 2103 1180 2178 quod
1203 2103 1284 2176 longe
1305 2109 1377 2159 stare
1397 2101 1535 2168 dicautur,
1556 2115 1620 2157 eum
1642 2099 1672 2156 in
1696 2098 1802 2156 eisdem
1825 2099 1913 2172 poeuis

251 2203 332 2261 poena
345 2188 510 2260 plectentur.
1107 2201 1134 2251 et
1153 2192 1206 2266 ipsi
1228 2192 1285 2248 siut
1299 2190 1486 2264 demergendi,
1503 2191 1533 2247 iu
1549 2189 1649 2264 quibus
1663 2196 1690 2246 et
1704 2189 1798 2246 ceteri
1820 2205 1913 2264 repro

289 2276 380 2348 (llere.
405 2275 445 2349 6.)
470 2276 579 2333 Reddite
593 2275 654 2343 sibi,
670 2265 810 2349 sicutipse
827 2277 945 2334 reddidit
968 2277 1050 2334 mbis.
1107 2281 1145 2351 bi,
1159 2280 1205 2354 qni
1230 2295 1279 2353 per
1302 2279 1472 2353 Babylonem
1488 2279 1678 2352 designantur.
1693 2278 1813 2336 Stabunt
1829 2280 1914 2352 igitur

250 2364 413 2437 Praecipitur
435 2365 541 2431 electis,
556 2372 588 2422 ut
605 2363 721 2422 reddant
735 2365 884 2439 Babyloni,
911 2365 983 2424 sieut
1004 2365 1053 2422 illa
1107 2375 1198 2446 longe,
1213 2379 1304 2429 niente
1318 2379 1345 2428 et
1359 2372 1513 2440 voluntate,
1529 2387 1585 2428 non
1604 2387 1740 2445 oorpore;
1767 2371 1913 2428 horrentes

251 2452 319 2527 ipsis
333 2451 465 2522 reddidit,
480 2453 539 2510 Sile
550 2471 599 2528 pro
614 2471 646 2511 00
676 2455 750 2530 quod
765 2454 852 2511 suncti
871 2454 923 2512 Dei
949 2454 1051 2528 impios
1106 2463 1208 2522 scelera
1216 2480 1275 2532 sua,
1287 2479 1335 2536 pro
1345 2461 1446 2537 quibus
1459 2462 1625 2519 aeternaliter
1634 2460 1846 2518 cruciabuntur.
1856 2461 1914 2518 Sta-

251 2547 324 2606 566
335 2549 512 2623 judicabunt,
537 2550 609 2609 sicut
633 2551 702 2608 dicit
716 2552 852 2609 Dominus
867 2552 897 2608 in
920 2552 1052 2624 Evange-
1106 2551 1176 2609 hunt
1192 2553 1272 2625 louge
1287 2567 1336 2624 per
1348 2550 1527 2620 desiderium,
1538 2549 1826 2620 aliuddesiderantas,
1836 2550 1914 2607 idest

252 2641 309 2700 lio:
330 2664 340 2688 ‹
355 2643 386 2697 ln
400 2641 607 2714 regeneratione
626 2658 689 2699 cum
704 2641 806 2700 sederit
826 2641 914 2699 Filius
928 2641 1052 2699 hominis
1106 2641 1228 2714 requiem
1242 2659 1249 2708 ;
1265 2648 1292 2696 et
1305 2640 1381 2697 aliud
1396 2639 1543 2712 patientes,
1554 2640 1634 2696 idest
1645 2646 1785 2696 tormenta
1798 2647 1914 2695 aeterna

251 2731 282 2788 in
297 2731 360 2789 sede
373 2730 524 2805 majestatis
538 2747 605 2802 suae,
622 2731 751 2789 sedebitis
767 2738 795 2787 et
809 2748 860 2789 vos
879 2749 960 2806 snper
972 2733 1052 2789 sedes
1144 2731 1234 2804 (llere.
1247 2728 1304 2801 ll.)
1315 2731 1353 2786 iit
1361 2730 1534 2801 negotiatores
1550 2724 1633 2784 errat
1640 2729 1738 2800 flebunt
1749 2737 1776 2785 et
1790 2731 1918 2801 lugebunt

252 2819 410 2888 duodecim,
424 2818 582 2890 judicantes
595 2818 741 2878 duodecim
751 2819 930 2876 trihuslsrael
943 2821 1051 2893 (Marsa.
1106 2839 1186 2894 snper
1196 2823 1272 2878 illuns
1283 2840 1290 2877 z
1302 2821 1428 2892 qnondam
1438 2821 1566 2877 mercedes
1579 2821 1638 2894 (60)
1652 2837 1743 2877 eornm
1755 2839 1836 2877 neno
1849 2831 1917 2878 eruet

251 2925 313 2978 xrx,
329 2909 396 2983 28);
413 2934 423 2958 ι
452 2908 511 2964 sive
535 2925 584 2981 pro
606 2925 638 2966 eo
659 2908 733 2983 quod
755 2909 809 2983 ipsi
837 2911 960 2968 membra
986 2917 1053 2968 suut
1106 2911 1231 2983 amplisu.
1247 2911 1317 2979 Quia
1332 2910 1458 2984 superius
1471 2926 1520 2983 per
1534 2919 1700 2969 mercatores
1713 2919 1794 2968 terrae
1808 2920 1915 2968 aurato-

253 2997 312 3068 ejns
328 2997 373 3052 oui
384 2994 530 3067 judicandi
546 3003 665 3068 potestas
677 3013 694 3053 a
705 2999 784 3054 Patre
796 2999 897 3056 tradita
915 3009 966 3058 est.
981 2998 1051 3058 lisd-
1106 3017 1149 3058 res
1170 2999 1264 3058 saecnli
1289 2999 1413 3057 diximus
1436 3015 1494 3057 esse
1517 2999 1683 3074 designatos,
1708 3018 1863 3075 possumus
1887 3005 1914 3061 in

253 3087 319 3143 dent
333 3086 425 3158 itaque
435 3084 505 3157 justi
519 3084 614 3156 impiis
627 3087 701 3142 mala
714 3101 775 3160 quae
784 3087 818 3144 ab
833 3087 873 3145 eis
886 3088 959 3162 passi
967 3097 1049 3159 sunt;
1067 3115 1089 3177 ο
1105 3091 1233 3148 hocloco
1252 3105 1301 3164 per
1315 3090 1498 3163 negotiatores
1520 3107 1566 3148 eos
1581 3091 1715 3164 accipere,
1731 3092 1781 3166 qni
1803 3093 1914 3154 bouum

252 3193 316 3236 cum
332 3174 458 3235 Christus
473 3175 521 3248 qui
535 3182 618 3248 eaput
630 3175 742 3232 illomm
755 3186 805 3248 est,
820 3184 848 3233 et
861 3177 942 3251 cujus
957 3195 1049 3236 mem·
1104 3179 1179 3255 quod
1192 3180 1281 3238 iacere
1296 3179 1437 3250 videntur,
1451 3178 1587 3238 venduut.¹
1601 3180 1671 3237 Sunt
1681 3196 1803 3256 namque
1816 3184 1913 3252 multi,

252 3266 302 3325 bra
316 3265 370 3340 ipsi
383 3271 460 3336 suut,
475 3272 666 3340 eosperpetua
680 3281 760 3339 poena
777 3267 929 3326 damnabit.
945 3270 982 3326 Bt
995 3269 1050 3324 du·
1104 3273 1204 3348 quibus
1229 3275 1320 3347 legum
1345 3272 1518 3331 secularium
1546 3273 1661 3332 scientia
1688 3275 1753 3332 data
1781 3284 1836 3347 est,
1867 3275 1914 3351 qui

251 3357 351 3431 plieote
364 3354 483 3429 duplicia
498 3354 639 3412 anundum
653 3371 734 3426 opero
750 3355 818 3427 ejus.
834 3356 987 3430 Dupliciter
1000 3358 1049 3414 Ba·
1104 3380 1199 3422 causas
1213 3379 1363 3436 pauperum
1378 3363 1408 3420 in
1421 3361 1537 3436 judiciis
1550 3373 1661 3438 portant
1678 3365 1747 3423 :sed
1763 3365 1834 3440 qnia
1858 3383 1913 3424 non
2004 3393 2005 3402 κ

252 3446 339 3520 bylon
354 3447 456 3504 electos
471 3445 522 3504 Dei
536 3452 678 3520 persecuta
688 3453 740 3516 est,
755 3446 864 3520 quando
888 3448 1051 3521 corporibus
1105 3468 1155 3527 pro
1175 3467 1269 3507 amore
1283 3451 1343 3521 Dei,
1362 3451 1410 3508 sed
1424 3467 1475 3524 pro
1495 3453 1673 3525 praemiorum
1698 3455 1913 3528 acceptionibus

253 3541 281 3592 et
297 3533 443 3591 animabus
456 3549 552 3591 eorum
568 3534 656 3613 muita
665 3533 737 3591 mala
754 3534 1052 3608 ingessisuupueirer
1105 3541 1160 3599 hoc
1179 3539 1295 3608 iaciunt,
1321 3539 1474 3598 mercedem
1499 3558 1515 3598 a
1542 3543 1599 3600 Deo
1623 3559 1680 3600 uon
1706 3544 1865 3618 recipiunt.
1886 3547 1914 3602 ln

253 3639 348 3698 pinnas
362 3623 422 3696 ipsa
451 3622 574 3696 recipiet,
590 3621 656 3696 quia
682 3639 746 3680 cum
760 3623 904 3682 animabus
936 3642 1052 3700 corpora
1105 3637 1213 3688 tantum
1228 3646 1295 3686 vero
1309 3629 1369 3688 baec
1382 3630 1495 3688 miseria
1509 3633 1663 3700 convaluit,
1673 3640 1704 3689 ut
1718 3633 1770 3689 vix
1784 3634 1915 3692 invenias

253 3718 470 3787 cruciabuntur;
487 3717 601 3791 ipsaque
614 3716 974 3792 dupliciaduplieabuntnr;
986 3721 1052 3795 qnia
1106 3721 1226 3794 aliquem
1248 3736 1283 3777 ex
1304 3720 1350 3788 iis,
1366 3721 1414 3795 qui
1429 3721 1521 3779 locum
1543 3721 1646 3781 babent
1669 3723 1742 3796 apud
1756 3724 1913 3800 principes,

255 3823 304 3881 pro
314 3806 403 3880 poeuis
416 3807 617 3880 temporalibus
631 3814 713 3882 atque
726 3807 868 3880 bessibus,
885 3809 987 3884 quibus
1008 3810 1052 3884 y'n·
1106 3810 1154 3883 qui
1168 3809 1281 3884 aliquod
1293 3810 1409 3867 verbnm
1424 3809 1460 3867 ad
1473 3810 1595 3885 proximi
1609 3811 1738 3886 pauperis
1760 3815 1917 3871 necessita·

254 3905 311 3954 atos
320 3895 420 3966 affixit,
435 3911 528 3970 peenas
542 3903 658 3954 aeternas
674 3898 803 3972 excipiet.
820 3901 853 3956 in
869 3902 967 3974 poento
980 3901 1051 3973 qnod
1106 3903 1162 3955 tem
1179 3900 1388 3957 sustentandam
1406 3901 1526 3973 proferat
1540 3902 1601 3959 sine
1615 3901 1721 3976 praemii
1738 3903 1913 3976 acceptione.

248 3984 359 4058 vmiscuit
370 3985 454 4052 uobis,
472 3985 574 4042 memte
587 3987 611 4042 ei
631 3985 752 4059 duplnna.
768 3989 819 4045 Per
846 3989 976 4062 poculum
1004 3991 1053 4048 tri-
1106 3991 1256 4047 Possumns
1270 3998 1298 4047 et
1312 4006 1361 4064 per
1374 3991 1559 4064 negotiatores
1572 4001 1663 4060 terrae,
1678 4009 1725 4049 eos
1741 3992 1915 4068 intelligere,
2004 4023 2005 4046 r

253 4073 411 4133 balationes
425 4090 493 4149 quas
504 4073 538 4132 ab
562 4075 667 4150 iniquis
681 4077 769 4136 sancti
793 4078 865 4151 passi
887 4086 967 4148 sunt,
993 4095 1063 4153 pos·,
1107 4080 1155 4155 qui
1170 4097 1205 4136 ex
1217 4081 1291 4138 bono
1310 4081 1384 4155 quod
1399 4081 1515 4152 iaciunt,
1534 4083 1628 4140 laudes
1642 4083 1677 4140 ab
1691 4083 1862 4141 hominibus
1877 4101 1915 4141 re

254 4167 524 4241 sumusiutelligere.
1107 4171 1234 4244 quirunt.
1249 4171 1398 4228 Possumus
1421 4172 1504 4229 etiam
1528 4180 1556 4230 et
1577 4189 1626 4246 per
1646 4172 1770 4238 eosdem,
1786 4173 1855 4229 illos
1868 4173 1914 4246 qui
2004 4223 2005 4226 ,

292 4264 383 4337 (ves.
397 4263 434 4336 7.)
456 4265 591 4332 muntem
607 4265 769 4338 glorificavit
796 4281 831 4338 se,
847 4273 871 4324 st
888 4267 918 4324 in
950 4267 1053 4324 deliciis
1107 4260 1207 4334 gradus
1220 4261 1419 4320 ecclesiasticus
1434 4263 1560 4321 vendunt
1577 4262 1753 4337 intelligere:
1771 4263 1852 4338 quod
1868 4263 1916 4319 di-

254 4354 319 4428 snil,
329 4361 431 4412 mntem
445 4355 505 4412 dulc
522 4355 565 4412 illi
588 4361 747 4412 manentum
760 4363 785 4412 et
795 4357 901 4414 loetum.
912 4356 1052 4425 Quantum
1106 4350 1173 4408 rina
1186 4351 1328 4424 Scriptura
1340 4351 1420 4408 valde
1434 4352 1609 4410 condemnet.
1626 4353 1662 4408 Et
1684 4351 1816 4426 quamvis
1831 4351 1915 4408 multi

256 4443 474 4517 glorificavitse,
491 4443 584 4513 idest,
601 4444 803 4517 insuperbiam
826 4445 923 4516 erexit,
952 4453 980 4503 ct
994 4463 1052 4504 om·
1066 4475 1092 4536 D
1108 4461 1143 4501 ex
1165 4445 1303 4519 episeopis
1327 4445 1361 4503 ab
1385 4445 1439 4504 hoe
1462 4447 1564 4504 scelere
1587 4445 1734 4503 videantur
1758 4443 1913 4512 immunes,

255 4532 338 4590 nibus
351 4532 429 4591 vitiis
441 4549 469 4590 se
479 4533 645 4607 implicavit,
658 4540 736 4592 tauto
746 4540 773 4590 et
788 4534 925 4607 ampliora
933 4541 1053 4592 tormen·
1107 4535 1230 4593 ministri
1245 4546 1336 4594 tamen
1350 4552 1446 4593 eornm
1462 4536 1491 4593 in
1505 4535 1558 4594 hoe
1573 4551 1644 4609 sepe
1659 4535 1852 4608 polluuntur:
1869 4532 1915 4592 sed

254 4625 285 4678 tu
297 4620 427 4694 excipiet.
444 4621 513 4690 Quin
527 4621 557 4676 in
571 4621 648 4678 corde
662 4639 709 4678 suo
726 4622 810 4678 dicit:
824 4623 902 4681 Sedeo
917 4625 1019 4696 semna,
1030 4629 1054 4681 et
1107 4625 1142 4682 ad
1166 4625 1314 4700 magistros
1335 4623 1457 4697 respicit,
1473 4623 1609 4699 quidquid
1625 4641 1641 4682 a
1655 4624 1804 4698 discipulis
1818 4624 1916 4683 deliu-

255 4711 401 4768 uidnonon
419 4714 648 4780 cameliacinse
661 4729 714 4768 non
741 4712 842 4770 uidebo.
867 4713 998 4786 Reginam
1025 4729 1054 4770 se
1109 4715 1214 4788 quitur.
1230 4715 1280 4771 Est
1304 4723 1331 4772 et
1353 4714 1430 4771 aliud
1449 4715 1538 4771 scelus
1555 4713 1635 4770 valde
1656 4714 1821 4786 pmsimum,
1839 4713 1914 4788 qnod

255 4799 382 4875 Euhylou
397 4801 601 4875 quodammodo
622 4811 712 4874 vocat,
736 4820 800 4862 cnm
832 4819 860 4861 se
874 4804 904 4860 in
918 4803 1055 4876 prosperis
1108 4806 1192 4865 abiis
1213 4805 1260 4879 qni
1283 4804 1470 4862 archidiaconi
1494 4805 1677 4879 appellantur,
1701 4806 1913 4870 committitur;

256 4891 453 4965 hujusmundi
467 4893 588 4952 extollit.
618 4894 737 4954 Viduam
752 4909 809 4953 unu
836 4911 865 4952 se
879 4909 937 4952 esse
964 4893 1051 4963 dicit;
1109 4909 1173 4950 nam
1187 4891 1221 4948 ab
1235 4891 1367 4950 adulteris
1383 4891 1551 4965 presbyteris
1571 4891 1692 4964 pretinm
1715 4889 1874 4964 accipiunt,
1888 4899 1914 4946 et

257 4981 322 5056 quis
335 4997 352 5038 a
365 4981 446 5040 bonis
468 4982 677 5056 temporalibus,
706 4982 807 5057 quibus
828 4982 977 5055 conjuncta
1003 4988 1054 5053 est,
1107 4985 1224 5045 tacendo
1246 4984 1275 5042 iu
1292 4986 1396 5044 malum
1417 4983 1605 5054 consentiunt,
1626 4982 1699 5058 quod
1722 4997 1771 5056 per
1793 4982 1914 5042 anctori-

256 5077 285 5128 et
298 5087 333 5128 es
349 5069 450 5145 quibus
464 5072 604 5129 luxuriem
631 5088 709 5130 suam
724 5071 839 5142 enutrit,
863 5087 919 5128 uon
934 5087 962 5128 se
975 5087 1055 5144 possa
1108 5087 1192 5137 tarem
1221 5094 1303 5152 qnam
1330 5077 1365 5134 ab
1395 5077 1530 5151 episeopis
1560 5081 1735 5148 acceperunt,
1762 5074 1914 5132 emendare

258 5161 380 5235 disjungi
394 5160 521 5221 confidit.
537 5161 654 5220 Luctum
665 5173 722 5220 uon
737 5177 795 5219 esse
812 5161 936 5218 visuram
965 5160 1036 5218 dicit
1045 5178 1053 5230 ;
1109 5176 1228 5242 possent,
1252 5167 1322 5225 Sunt
1336 5167 1419 5225 etiam
1440 5167 1487 5222 alii
1503 5181 1538 5224 ex
1552 5163 1713 5238 hujusmodi
1729 5163 1914 5238 presbyteris,

258 5253 324 5326 quia
339 5251 429 5326 impii,
445 5251 571 5326 quamvis
598 5252 728 5310 soiautse
741 5268 791 5325 pro
819 5251 970 5310 sceleribus
998 5252 1056 5310 suis
1110 5257 1158 5334 qui
1181 5257 1310 5314 timentes
1334 5273 1361 5314 se
1383 5255 1509 5315 damnari
1537 5272 1587 5329 pro
1612 5252 1762 5313 sceleribus
1790 5255 1860 5322 suis,
1885 5253 1915 5310 iu

259 5355 317 5400 esse
331 5343 498 5417 puniendos,
513 5342 622 5417 fingunt
635 5359 663 5402 se
677 5360 734 5402 nou
748 5343 844 5402 videre
858 5343 931 5418 qnod
945 5343 1055 5414 vident,
1110 5347 1231 5406 servitiis
1254 5345 1513 5406 archidiaconorum
1536 5347 1599 5420 plns
1623 5351 1689 5404 sunt
1705 5343 1810 5402 assidui
1825 5357 1913 5417 quam

299 5487 357 5560 (59)
373 5486 449 5546 Edit.
465 5496 492 5546 et
507 5504 560 5546 ms.
576 5487 653 5561 lieg,
669 5505 723 5545 non
736 5487 822 5546 eserit
829 5506 841 5556 ;
855 5497 882 5547 et
895 5488 963 5547 edit.
979 5491 1054 5560 solae,
1146 5491 1205 5564 (60)
1220 5491 1300 5549 Rom.
1316 5489 1394 5561 edit,
1410 5493 1537 5564 quoniam
1549 5507 1647 5547 meren
1658 5506 1749 5546 mrum
1756 5506 1768 5556 ;
1781 5485 1827 5545 sed
1841 5501 1911 5543 mss.

260 5553 315 5614 Par
328 5559 375 5614 boe
387 5557 623 5631 qnoddicitulium
635 5560 814 5634 committed
825 5561 953 5637 mnne,
976 5570 1029 5622 etc.
1046 5578 1054 5632 ;
1110 5579 1142 5621 ae
1163 5563 1229 5619 Gill.
1253 5562 1300 5620 hic
1317 5571 1346 5620 et
1367 5563 1435 5620 alibi
1454 5569 1615 5624 constanter
1638 5563 1744 5636 legunt,
1767 5559 1912 5630 Μωάεε,

262 5641 328 5688 uass.
343 5632 707 5692 verouohiscousautinnt.
1109 5635 1259 5706 msmeden,
1274 5641 1301 5694 et
1313 5633 1425 5694 similia.
