4078 6186
230 332 282 393 aaa
590 373 591 376 ι
718 301 793 384 'au
806 325 924 384 ornan
942 325 970 384 ε.
991 323 1157 384 ιιιειιοειι
1176 323 1365 383 munuum.
1819 321 1874 381 roo

228 468 308 520 cutus
330 466 372 518 est
398 456 481 516 iidem
504 453 618 525 Christi,
643 453 746 513 idcirco
771 457 959 526 «conversati,
975 454 1016 514 in·
1032 453 1121 526 Aa).
1141 453 1187 509 llaa
1210 459 1276 509 sunt
1292 449 1545 527 superabundantes
1560 449 1677 519 diuitiae,
1702 453 1734 506 ut
1761 455 1873 506 tantum

227 550 298 624 quit,
326 564 422 609 sumus
442 549 474 606 in
501 545 643 606 desideriis
663 546 753 605 carnis
775 556 911 606 nostra·
933 547 1020 605 Omne
1076 544 1156 601 detur
1176 541 1361 614 credentibus,
1384 550 1518 617 qnantum
1533 540 1699 613 investigare
1712 555 1769 597 nou
1781 547 1875 615 potest

227 639 302 698 euim
318 646 461 713 peccatum
476 655 540 697 caro
552 638 667 708 dicitur,
682 637 803 696 maxime
819 636 945 710 perfidie,
960 654 1021 710 quaa
1076 649 1163 690 mens.

226 737 268 788 εει
281 729 599 788 ιοιιιιεεεειειιειιιειει.
619 728 696 785 Nulli
710 744 792 802 opera
806 729 878 784 bona
891 735 918 785 ει
941 728 1020 785 εεειι-
1110 723 1203 797 (Vers.
1213 723 1241 792 9,
1257 721 1314 794 to.)
1349 721 1467 779 «Gratia
1480 719 1553 778 euim
1569 717 1638 778 salvi
1660 717 1726 777 iacti
1742 720 1808 778 estis
1823 737 1875 796 per

225 823 269 876 tas
297 819 430 892 proderit,
459 817 484 876 si
506 817 544 875 sit
568 817 708 890 perfidus;
733 816 847 891 perfidia
869 817 943 873 enim
961 816 1020 874 bec
1075 813 1197 871 sulem.»
1223 811 1317 870 Gratia
1338 810 1403 868 fidei
1418 811 1481 867 data
1494 817 1546 880 est,
1561 818 1592 867 ut
1606 809 1752 868 credentes
1766 811 1873 869 salven·

226 907 319 966 omnia
344 907 474 967 maculat
503 905 576 964 ilinc
603 915 655 976 est,
684 906 758 980 quod
785 905 928 963 subdidit:
959 907 1019 962 «Et
1074 911 1130 960 tur.
1159 902 1219 958 «Et
1238 901 1291 958 boc
1309 918 1366 959 non
1380 900 1527 967 exvobis;
1543 899 1593 956 Dei
1609 899 1685 956 onim
1703 899 1807 956 donum
1820 908 1874 972 cst,

224 1011 334 1054 eramus
361 1005 460 1054 natura
487 994 538 1052 lilii
562 996 621 1064 ire,
645 1001 721 1063 235
744 994 816 1052 sicut
839 1000 866 1050 ει
884 991 1012 1050 ceteri.»
1075 1009 1132 1050 uon
1154 993 1341 1066 exoperibus,
1358 991 1467 1065 nequis
1482 989 1624 1064 glorietur.
1646 990 1714 1048 llam
1727 990 1814 1064 ipsius
1830 1007 1874 1048 su·

222 1098 333 1156 Natum
351 1099 425 1156 enim
453 1114 517 1157 oum
539 1098 611 1154 mapa
633 1096 762 1152 voluntas
786 1095 960 1170 supponitur,
988 1093 1020 1150 fia
1075 1101 1137 1141 mus
1159 1083 1331 1157 figmentum,
1357 1079 1442 1140 creati
1465 1080 1495 1136 in
1514 1077 1625 1138 Christo
1648 1079 1712 1136 lesu
1736 1078 1766 1135 in
1789 1095 1875 1152 opera

223 1197 330 1246 natura
356 1189 413 1258 ira,
444 1188 473 1244 id
497 1193 547 1255 est,
572 1201 633 1262 quae
656 1185 758 1242 ultioni
778 1184 950 1257 subjicienda
972 1185 1018 1253 sit,
1074 1174 1156 1242 bona,
1172 1170 1406 1247 quapraeparauit
1419 1171 1493 1227 Deus
1507 1177 1538 1226 ιιι
1552 1169 1582 1224 in
1598 1169 1655 1225 illis
1669 1168 1867 1226 ambulemus.»

224 1276 371 1336 immutata
385 1265 620 1345 uou'snbstantia,
636 1275 683 1332 sed
697 1274 937 1333 malavoluntate.
961 1274 1019 1333 iloc
1075 1262 1185 1321 Vemm'
1201 1271 1266 1332 est,
1294 1261 1358 1335 (luit
1378 1259 1469 1318 ⁰¹¹¹ssss
1501 1257 1652 1331 Crinisum
1680 1256 1753 1316 ³⁰5⁰
1777 1259 1875 1318 ”¹⁰¹ss

223 1365 297 1422 euim
312 1365 461 1438 deputatur
473 1370 589 1432 naturae,
603 1363 677 1436 quod
692 1363 833 1437 sequitur,
848 1364 921 1421 unde
935 1363 974 1420 ait
989 1363 1018 1421 iu
1075 1361 1175 1410 nostrii
1195 1351 1229 1410 td
1251 1353 1340 1408 Deum
1363 1348 1508 1408 referenda
1521 1356 1572 1417 ιιι,
1588 1347 1636 1423 (lui
1654 1347 1873 1407 miselissilrditm

222 1453 316 1510 Isaiae:
345 1475 355 1501 ι
385 1451 484 1510 semen
504 1452 653 1526 pessimum
676 1452 744 1524 (Ira,
760 1469 781 1520 1,
797 1451 865 1524 ι),
885 1453 922 1508 Et
936 1467 1020 1524 quara
1075 1459 1151 1499 suam
1173 1441 1254 1499 nobis
1276 1447 1405 1515 prestat;
1435 1446 1466 1496 ut
1492 1446 1635 1496 revocaret
1650 1443 1771 1496 errantes
1785 1437 1820 1494 ad
1833 1437 1875 1494 vi·

221 1543 259 1601 sit
286 1557 380 1601 semen
401 1542 559 1618 pessimum,
582 1541 715 1614 subjecit:
746 1567 756 1592 ι
770 1541 930 1616 Reliquistis
943 1540 1018 1599 enim
1073 1540 1131 1590 tam
1147 1529 1199 1604 (i),
1215 1537 1243 1588 ot
1253 1545 1309 1586 non
1324 1535 1478 1602 querentes
1492 1543 1591 1585 verum
1605 1527 1666 1585 iter.
1683 1527 1803 1600 Ideoque
1817 1541 1874 1584 uon

221 1631 382 1702 Dominum,
399 1632 448 1702 ait,
461 1639 489 1690 et
502 1631 537 1690 ad
550 1630 722 1689 iracundiam
738 1630 873 1688 incitastis
887 1629 1018 1688 Sanctum
1074 1630 1115 1680 est
1125 1620 1300 1696 gloriandum
1310 1617 1429 1677 nobisin
1445 1617 1603 1691 nobisipsis
1619 1635 1626 1686 ;
1643 1617 1731 1675 sedin
1747 1619 1813 1689 Deo,
1826 1619 1874 1692 qui

221 1723 305 1781 lsrael
322 1722 460 1796 (llic.);.
491 1727 636 1779 uinctura
654 1735 715 1794 qum
732 1720 945 1790 destinauerant,
960 1737 1019 1794 pas-
1074 1730 1125 1771 uos
1139 1712 1311 1785 regeneravit
1321 1709 1468 1767 nativitate
1482 1708 1587 1767 ooelesti
1602 1724 1651 1782 per
1663 1707 1747 1792 iidem
1757 1705 1874 1779 Christi,

221 1812 323 1872 simum
337 1813 431 1870 'semen
447 1810 565 1870 dicatur.
585 1811 756 1884 Degenerare
774 1810 848 1867 enirn
863 1817 904 1867 est
918 1809 952 1867 ab
966 1827 1020 1866 au·
1038 1820 1061 1882 Β
1076 1801 1111 1860 ad
1133 1801 1187 1859 hoc
1200 1809 1232 1858 ut
1249 1799 1331 1856 bonis
1353 1798 1482 1872 operibus
1502 1798 1657 1869 exercitati,
1672 1812 1726 1871 que
1739 1797 1812 1855 Deus
1825 1813 1874 1854 no·

221 1909 297 1960 ctora
320 1903 466 1960 recedere:
487 1909 595 1960 etcum
616 1901 720 1958 malum
743 1902 899 1974 exemplum
913 1901 1020 1959 ceteris
1072 1891 1116 1950 his
1135 1891 1193 1965 itm
1218 1890 1321 1949 renatis
1333 1888 1466 1960 decrevit,
1481 1887 1616 1963 immissa
1629 1903 1784 1948 memmii
1797 1887 1874 1947 Μῖ-

220 1993 332 2069 praebet,
359 1993 463 2052 malum
477 2001 519 2052 est
546 2009 657 2061 semem
679 1993 786 2050 fructus
799 1993 874 2050 euim
888 1991 1020 2067 pessimos
1074 1995 1147 2056 peri·
1262 2061 1263 2066 γ

219 2084 296 2141 facit.
313 2083 341 2141 Si
355 2099 422 2143 vero
434 2084 527 2141 redeat
541 2083 743 2153 editissimam,
756 2082 829 2140 bona
843 2083 897 2141 erit
911 2089 1018 2153 natura,
1110 2071 1202 2144 (Veis-
1227 2071 1270 2141 Η,
1290 2070 1348 2144 ¹²·)
1375 2094 1386 2121 ι
1409 2068 1541 2130 Memmii
1562 2066 1731 2140 ῐθῑῑῐίθῦῑθιι
1756 2085 1806 2128 V0s
1825 2069 1873 2144 (lui

221 2174 375 2233 secundum
396 2175 571 2248 Apostolum,
596 2172 645 2248 qui
668 2173 832 2232 immutatus
851 2172 919 2230 dum
938 2188 1020 2247 agno·
1074 2159 1224 2235 aliquando
1249 2160 1333 2218 eratis
1359 2167 1462 2234 gentes,
1487 2159 1517 2217 in
1541 2174 1632 2228 carne,
1664 2158 1713 2233 qui
1745 2157 1872 2218 dicimini

219 2265 272 2324 scit
301 2265 458 2324 Creatorem
490 2281 591 2336 sunm,
617 2279 667 2323 uas
690 2263 834 2323 electionis
868 2263 1021 2338 appellatur
1074 2251 1251 2326 prutilium,
1264 2249 1298 2307 ab
1318 2265 1348 2308 ea
1365 2265 1426 2324 qua
1439 2249 1543 2307 dicitur
1556 2247 1731 2306 circumcisio
1746 2247 1776 2305 iu
1790 2265 1872 2307 carne

221 2352 293 2426 (Act.
309 2369 350 2424 nr,
372 2353 429 2426 ιιι).
502 2345 503 2348 ’
1075 2339 1251 2409 manufacta;
1273 2339 1402 2414 quoniam
1433 2337 1515 2397 eratis
1542 2336 1593 2395 illo
1617 2336 1646 2394 in
1669 2343 1792 2411 tempore
1814 2338 1874 2396 sino

256 2441 348 2512 (Vere,
368 2439 410 2514 ι.)
433 2442 530 2499 «neus
544 2448 646 2511 summ,
658 2441 706 2515 qui
720 2440 799 2499 dives
816 2445 856 2498 εει
869 2437 900 2495 in
914 2437 1020 2496 miseri·
1074 2431 1194 2499 Christo,
1210 2429 1323 2487 alienati
1336 2447 1352 2488 a
1366 2429 1576 2488 conversatione
1596 2428 1690 2499 lsrael,
1705 2435 1733 2485 et
1751 2427 1873 2503 hospites

217 2531 312 2589 cordia
329 2535 440 2604 propter
464 2531 581 2588 multam
604 2530 766 2589 charitatem
788 2544 875 2598 suam,
896 2529 1020 2602 quami-
1074 2532 1313 2591 testamentorum,
1336 2529 1364 2580 et
1387 2522 1578 2597 promissionis
1601 2537 1696 2579 eorum
1721 2537 1795 2596 spem
1816 2537 1873 2580 nou

218 2627 310 2678 sertus
338 2627 379 2678 est
404 2621 503 2678 nostri.
525 2644 535 2669 ι
559 2620 606 2676 llas
621 2635 692 2677 verre
707 2619 815 2677 divitias
828 2626 893 2676 sunt
913 2615 1020 2675 miseri·
1074 2614 1215 2683 babentes,
1240 2619 1268 2669 ει
1291 2612 1350 2670 sine
1364 2613 1422 2670 Deo
1437 2612 1465 2668 in
1480 2612 1533 2669 hoc
1547 2610 1688 2668 munden
1709 2609 1873 2669 Commouet

219 2707 390 2779 cordiarum,
410 2716 442 2765 ut
459 2725 517 2766 non
532 2708 720 2782 quaerentibus
734 2709 809 2765 ultro
832 2704 1021 2763 misericordia
1074 2711 1177 2779 gentas,
1205 2711 1238 2760 ut
1262 2701 1472 2761 reminiscentes
1495 2701 1562 2777 quid
1575 2702 1680 2760 fuerint
1695 2702 1785 2776 (crant
1798 2702 1872 2760 euim

220 2805 406 2872 prestaretur,
426 2797 498 2856 sicut
516 2797 585 2855 dicit
599 2797 699 2855 lsaias:
727 2797 841 2854 «Palam
856 2797 1020 2853 lestussum
1073 2795 1207 2863 carnalos,
1233 2801 1261 2851 et
1281 2793 1341 2852 siue
1355 2809 1411 2868 spe,
1427 2793 1533 2851 nullam
1545 2790 1736 2866 promissionis
1749 2806 1872 2851 commu·

224 2903 281 2944 non
309 2886 497 2961 querentibus
516 2902 560 2943 me
574 2887 642 2959 (Iro.
658 2901 724 2955 axv,
739 2886 799 2958 l);·
821 2884 875 2943 boc
889 2886 963 2942 enim
978 2891 1020 2942 εει
1074 2887 1187 2945 niouem
1216 2885 1349 2946 habentes
1375 2885 1545 2945 iudeorum·
1561 2885 1592 2943 in
1614 2883 1738 2954 Christo;
1769 2883 1873 2942 Induis

224 2973 366 3032 abundare
385 2974 586 3044 misericordia,
602 2982 634 3031 ut
654 2981 681 3031 ει
695 2992 751 3033 non
761 2975 964 3049 postulantibus
972 2974 1020 3031 tri·
1075 2977 1149 3035 cuim
1174 2978 1326 3052 promissus
1350 2984 1409 3035 erat
1430 2977 1566 3047 Christus,
1588 2992 1643 3034 uon
1665 2974 1815 3050 gentibus),
1840 2983 1873 3034 ut

224 3066 335 3124 beatur.
361 3066 425 3124 ilaec
453 3073 547 3124 tamen
567 3067 687 3124 charitas
714 3067 763 3124 Dei
779 3075 819 3125 est
834 3083 897 3142 erga
914 3083 973 3136 nos,
989 3073 1021 3122 ut
1075 3067 1237 3140 propensius
1251 3067 1351 3141 gratias
1365 3075 1447 3142 agant
1461 3069 1518 3126 Deo
1532 3084 1581 3143 per
1595 3066 1746 3135 Christum,
1760 3063 1873 3140 quimi·

222 3154 288 3229 quia
310 3153 377 3212 iecit
400 3171 461 3226 nos,
481 3155 553 3212 nolit
567 3155 657 3230 perire
670 3171 721 3214 nos
733 3174 747 3228 ;,
755 3155 847 3232 diligit
861 3157 935 3214 enim
951 3171 1020 3230 opus
1037 3183 1060 3247 c
1075 3153 1225 3212 sericordia
1239 3171 1288 3213 sua
1302 3155 1368 3214 iecit
1382 3156 1445 3214 illos
1458 3156 1604 3232 participes
1619 3155 1796 3232 spiritalium,
1807 3169 1872 3212 cum

222 3257 314 3302 suum.
330 3243 447 3302 -ldcirco
470 3244 544 3302 enim
559 3244 634 3316 lecit,
655 3253 687 3303 ut
706 3254 820 3317 amaret,
836 3246 910 3322 quod
928 3244 1017 3312 iecit;
1074 3251 1165 3303 essent
1191 3246 1323 3304 carnales.
1346 3244 1410 3304 ldco
1435 3253 1528 3305 tamen
1554 3246 1741 3317 circumcisio,
1765 3245 1816 3317 ait,
1842 3243 1872 3301 in

221 3347 304 3390 nemo
318 3333 392 3390 enim
408 3333 530 3393 laborem
541 3349 621 3392 suurn
635 3335 700 3394 odio
714 3333 805 3394 habet.
1073 3352 1155 3394 carne
1178 3335 1346 3404 manufacta,
1371 3345 1403 3396 nt
1423 3338 1593 3413 significaret
1606 3339 1688 3397 aliam
1706 3354 1763 3397 nou
1777 3351 1872 3394 manu·

258 3421 350 3495 (vers.
373 3423 414 3498 t.)
451 3427 521 3482 «Et
548 3441 611 3484 cum
634 3427 738 3483 mortui
756 3441 877 3484 essemus
889 3425 1017 3501 peccatis,
1072 3425 1175 3485 iactam
1189 3425 1353 3501 spiritalem.

219 3511 428 3570 ccuvtmlicavit
455 3529 507 3571 nos
534 3515 563 3571 in
591 3513 745 3573 Christos
779 3514 883 3572 hilca
907 3513 1019 3572 alienati
1111 3516 1201 3591 (Vera.
1219 3516 1275 3590 ι3.)
1298 3517 1404 3576 «Nunc
1418 3526 1511 3577 autem
1525 3517 1556 3576 in
1566 3516 1678 3578 Christo
1686 3518 1751 3576 iesu
1762 3514 1871 3592 vosqui

221 3601 326 3658 mortui
347 3617 471 3658 eramus:
501 3603 588 3676 gratia
611 3611 703 3659 autem
726 3619 775 3660 sua
797 3603 939 3660 revocavit
956 3619 1018 3675 nos,
1074 3605 1224 3680 aliquando
1238 3605 1319 3680 longe
1334 3607 1428 3677 eratis,
1444 3607 1509 3666 iacti
1525 3608 1590 3666 estis
1604 3625 1689 3684 prope
1702 3624 1751 3684 per
1762 3609 1872 3682 saugm-

221 3687 275 3747 boc
297 3698 349 3760 εει,
372 3689 528 3748 vivificavit
546 3707 597 3749 nos
615 3690 646 3748 in
660 3690 782 3750 Christo.
798 3692 869 3762 Quia
883 3692 956 3749 cuim
971 3709 1021 3766 per
1074 3713 1138 3754 nem
1156 3697 1268 3757 Christi.
1289 3723 1299 3749 ι
1321 3697 1422 3756 Adhuc
1437 3698 1543 3756 donum
1562 3707 1590 3757 et
1603 3701 1718 3774 gratiam
1732 3699 1783 3757 liei
1796 3715 1870 3756 com·

220 3778 312 3852 ipsum
336 3794 388 3837 nos
410 3779 486 3851 iecit,
512 3781 612 3839 itemm
628 3798 677 3857 per
691 3783 780 3856 ipsum
795 3799 845 3840 uos
859 3784 1020 3841 reformavit
1075 3787 1196 3859 mesdei,
1212 3790 1257 3848 cui
1272 3807 1323 3848 nos
1336 3805 1443 3864 semper
1457 3789 1535 3847 velut
1550 3787 1686 3847 obnoxios
1701 3789 1800 3864 gratias
1809 3789 1871 3846 vult

219 3867 250 3926 iu
277 3867 348 3942 ipso,
371 3868 401 3926 id
423 3877 475 3942 εει,
503 3879 535 3928 ut
560 3870 619 3944 ejus
641 3873 764 3930 membra
779 3873 866 3930 simus
881 3891 888 3942 ;
905 3873 963 3946 ipsa
978 3880 1019 3931 est
1074 3875 1185 3946 referre
1202 3879 1306 3938 idcirco
1322 3878 1397 3936 enim
1421 3878 1452 3936 in
1467 3878 1599 3953 sanguiue
1614 3877 1717 3937 Christi
1730 3877 1872 3952 proximos

219 3968 312 4032 autem
342 3969 424 4036 caput
446 3969 591 4032 nostmm;
609 3963 699 4036 ipsum
714 3962 788 4020 euim
804 3963 948 4034 habemus,
961 3965 1019 4021 Deo
1074 3983 1124 4026 nos
1138 3970 1194 4026 Deo
1210 3969 1297 4028 iactos
1311 3977 1456 4040 memorat,
1470 3975 1501 4025 ut
1515 3976 1650 4042 qnantum
1663 3966 1872 4025 aflectumcirce

220 4059 377 4127 prestante,
393 4059 532 4112 auctorem
546 4054 613 4110 vita
626 4061 737 4124 nostres,
752 4053 825 4111 sicut
839 4053 908 4112 dicit
922 4055 1019 4112 Petrus
1074 4075 1124 4116 nos
1138 4057 1237 4118 haheat
1251 4062 1336 4136 Deus,
1352 4060 1519 4132 ostenderet,
1534 4059 1582 4133 qui
1602 4057 1747 4135 pronubis
1766 4055 1870 4116 Filium

218 4145 383 4217 apostolus:
426 4167 437 4195 ι
463 4143 613 4201 Auctorem
649 4159 715 4201 uero
741 4143 808 4200 vitm
839 4141 1018 4201 interfecistis
1074 4165 1154 4206 suum
1182 4151 1252 4207 mori
1276 4151 1418 4223 permisit;
1435 4156 1467 4208 ut
1481 4157 1507 4208 et
1522 4167 1573 4208 nos
1587 4149 1618 4206 in
1633 4149 1687 4207 tide
1701 4146 1872 4222 ejusdumn·

220 4230 292 4304 (Act.
308 4249 351 4302 nr,
368 4231 425 4306 lii).
440 4257 450 4282 ι
1074 4247 1124 4310 ιεε,
1138 4240 1269 4298 omnibus
1282 4241 1378 4299 exitiis
1392 4258 1442 4315 pro
1456 4240 1507 4298 illo
1521 4240 1602 4298 nobis
1622 4239 1708 4297 illatis
1723 4253 1779 4295 non
1794 4235 1874 4294 ceda-

258 4319 350 4392 (Vffl-
366 4322 407 4392 6..)
428 4322 538 4399 ‘Cujus
558 4324 643 4400 gratia
657 4323 726 4382 salvi
745 4321 810 4381 facti
824 4321 926 4380 estis.»
947 4321 1019 4380 Huic
1074 4345 1146 4400 urus,
1170 4329 1288 4387 scientes
1311 4331 1374 4404 plus
1390 4329 1471 4387 illum
1494 4329 1529 4388 de
1557 4329 1639 4387 nobis
1661 4326 1772 4395 mereri,
1789 4339 1872 4400 quam

222 4407 296 4466 dono
321 4408 398 4466 addit
413 4420 441 4468 et
461 4420 572 4484 gentes3
590 4413 749 4488 significans
763 4415 881 4472 salvatos
899 4428 949 4470 nos
962 4428 1020 4470 esse
1074 4433 1245 4494 quecunque
1265 4419 1299 4476 ab
1325 4419 1447 4478 inimicis
1471 4424 1585 4494 ροεειιιιι
1603 4415 1718 4475 inferri:
1734 4415 1784 4472 ille
1797 4413 1872 4471 euim

219 4497 265 4571 (3)
282 4498 369 4572 gratia
382 4498 496 4558 Christi.
1034 4552 1060 4614 D
1075 4523 1138 4564 cum
1159 4507 1195 4565 sit
1214 4507 1360 4578 Dominus,
1375 4515 1402 4565 et
1417 4506 1523 4565 nullius
1536 4513 1624 4580 egeat,
1640 4503 1743 4562 obtulit
1758 4517 1787 4559 εε
1799 4505 1873 4566 286

259 4595 350 4671 (Vera.
374 4596 414 4670 7.)
442 4597 504 4654 «Et
519 4597 602 4655 simul
617 4599 772 4671 suscitavit,
788 4608 816 4658 et
830 4601 912 4659 simul
927 4617 1020 4662 conse·
1075 4622 1124 4680 pro
1146 4605 1245 4672 nobis:
1270 4615 1377 4665 utnon
1404 4605 1457 4678 illi,
1478 4607 1524 4666 sed
1544 4603 1624 4663 nobis
1647 4601 1801 4677 proliceret.
1816 4597 1874 4655 Nos

220 4684 285 4744 dere
303 4683 370 4743 iecit
397 4685 428 4744 iu
443 4687 602 4746 celestibus
616 4687 646 4746 in
662 4689 773 4750 Christo
787 4689 860 4750 lesu.
876 4718 886 4743 ι
908 4692 965 4750 lloc
978 4691 1019 4750 di·
1074 4697 1148 4754 enim
1165 4697 1272 4756 etiamsi
1287 4699 1368 4756 nobis
1386 4713 1442 4755 non
1457 4696 1612 4772 proliceret,
1627 4693 1698 4751 forte
1713 4703 1875 4766 cogeremur

220 4773 271 4844 cit,
303 4774 377 4848 quod
400 4791 483 4850 supra
507 4778 668 4856 memoravi,
694 4779 754 4838 illic
776 4780 885 4840 laturos
912 4790 1021 4841 sanctos
1075 4787 1145 4844 mori
1163 4804 1214 4862 pro
1237 4789 1298 4862 ipso
1320 4787 1433 4846 domino
1454 4785 1546 4844 servi:
1576 4791 1680 4861 quanto
1702 4780 1788 4854 magis
1807 4793 1874 4836 cum

222 4863 306 4922 ctiam
317 4879 352 4923 ex
367 4866 505 4940 gentibus,
520 4868 569 4925 ubi
584 4877 611 4927 et
626 4867 753 4930 Christus
766 4880 807 4930 est
821 4879 903 4947 caput
912 4888 1019 4932 eorum.
1074 4893 1130 4936 non
1154 4880 1244 4936 solum
1258 4877 1346 4947 illius,
1363 4878 1410 4937 sed
1422 4885 1450 4936 et
1468 4883 1563 4935 nostra
1581 4890 1656 4933 mors
1670 4871 1750 4931 nobis
1762 4873 1875 4944 prestet

258 4959 351 5034 (Vera.
372 4959 413 5036 8.)
443 4961 512 5020 «Ut
538 4961 696 5025 ostenderet
720 4967 749 5024 in
773 4969 1020 5043 saeculissuperve·
1074 4967 1220 5026 eliectuml

222 5049 364 5110 ulantibus
387 5051 641 5126 superabundantes
664 5055 778 5114 divitiae
798 5057 891 5132 gratiae
911 5073 966 5114 suaa
990 5057 1020 5114 in
1112 5057 1202 5130 (Vers.
1228 5053 1287 5130 ιι.)
1309 5057 1393 5132 «lpse
1407 5055 1480 5115 enim
1494 5059 1535 5113 est
1554 5071 1610 5130 pax
1624 5060 1727 5123 nostra,
1743 5051 1792 5127 qui
1806 5048 1875 5110 iecit

221 5139 345 5200 bonitate
360 5157 442 5216 super
455 5157 507 5198 uos
517 5140 546 5197 in
555 5139 665 5200 Christo
679 5144 778 5202 lesu·
800 5145 858 5204 lloc
873 5145 1019 5220 significat,
1074 5152 1190 5222 utraque
1212 5161 1311 5216 unum,
1328 5153 1356 5203 et
1379 5146 1502 5204 medium
1523 5145 1655 5221 parietem
1680 5141 1806 5200 maceria
1819 5142 1876 5198 sol·

222 5231 289 5308 quia
302 5232 332 5290 in
346 5232 441 5290 futuro
455 5233 555 5291 saeculo
572 5231 726 5292 immortale
749 5235 853 5294 donum
876 5237 926 5294 Dei
938 5252 1019 5311 appa·
1075 5236 1153 5305 rrius,
1174 5232 1336 5294 inimicitias
1358 5235 1388 5294 iu
1402 5253 1483 5295 carne
1497 5251 1555 5295 sua.
1573 5233 1703 5292 cracem
1720 5229 1876 5291 fecitinter

223 5319 295 5378 rabit
317 5321 347 5379 in
366 5321 588 5380 remuneratione
602 5322 744 5395 fidelium3
760 5325 834 5400 quod
852 5326 950 5385 oculus
963 5343 1020 5386 uon
1074 5326 1315 5385 circumcisionem
1343 5335 1371 5384 et
1396 5327 1561 5402 preputium
1586 5325 1676 5401 passio
1710 5321 1873 5381 Salvatoris.

223 5409 307 5483 ιιιιιι,
331 5427 383 5470 nec
395 5411 470 5471 auris
484 5411 602 5482 ειιιιιιιι,
621 5429 672 5471 uec
686 5411 717 5471 iu
730 5429 778 5472 cor
792 5413 915 5473 hominis
928 5433 1020 5476 ascen·
1074 5415 1254 5476 inimicitiam
1268 5417 1355 5489 enim,
1375 5435 1436 5494 quae
1451 5419 1529 5475 velut
1542 5415 1633 5491 paries
1652 5413 1744 5472 media
1767 5419 1835 5482 erat,
1847 5420 1876 5470 et

222 5498 276 5570 dit,
291 5517 351 5575 que
365 5503 529 5580 preparavit
543 5503 616 5563 Deus
629 5501 912 5579 diligentibusenmll
920 5507 1018 5580 Coun,
1074 5507 1216 5566 dividebat
1230 5508 1470 5568 circumcisionem
1484 5506 1653 5584 apreputio,
1664 5512 1692 5564 ct
1705 5502 1875 5581 preputium

259 5679 301 5756 (3)
317 5679 399 5743 Rom.
421 5683 489 5746 edit.
505 5685 574 5759 solu,
590 5685 707 5747 urmes
719 5703 769 5746 noa
780 5701 867 5749 οιιιιιει
886 5705 947 5763 case,
964 5699 1018 5750 etc.
1112 5687 1153 5765 (l)
1169 5688 1301 5752 Nonnulli
1316 5706 1394 5762 mss,
1410 5695 1530 5748 moraes
1540 5703 1629 5747 omues
1642 5685 1679 5744 od
1693 5684 1782 5760 fidem.
