4078 6186
278 256 332 326 tut
646 227 650 233 ’
780 261 830 320 ιι
850 261 967 321 orant
987 263 1015 320 ι.
1035 257 1202 322 ιιιιοιι
1220 259 1416 321 aeranem.
1872 257 1924 320 ιιι

277 390 333 460 Qui
346 391 420 448 enim
436 390 470 447 ad
484 389 595 447 oculum
611 389 707 456 servit,
722 389 751 444 iu
771 389 880 446 occulto
895 387 971 445 aliud
985 389 1070 446 lacit:
1087 395 1111 454 Α
1126 405 1271 464 corporum
1287 391 1373 458 enim,
1388 405 1445 448 nou
1458 388 1614 446 animorum
1628 397 1693 446 sunt
1702 387 1821 446 domiui.
1843 389 1924 450 Solus

278 481 327 556 qui
345 489 437 538 autem
452 495 486 536 ex
502 479 605 548 animo,
620 481 684 538 talis
698 485 738 536 est
757 478 824 535 ioris
840 479 931 552 qualis
944 487 970 535 et
984 479 1069 536 intus.
1126 480 1200 537 eninr
1214 481 1358 549 Dominus,
1368 489 1395 537 ιι
1408 486 1504 537 ιιιιοι·
1518 493 1609 536 rerum
1625 475 1775 536 invisibilis
1787 479 1924 538 Βιιιιιιι

278 571 301 629 si
315 587 380 643 ergo
398 569 428 625 in
445 569 498 628 boe
510 569 643 644 obsequio
657 569 742 626 fuerit
761 567 862 636 tidelis,
871 568 1072 641 promerebitur
1125 570 1287 642 corporibus
1313 585 1394 644 quam
1409 568 1512 626 animia
1524 567 1694 637 dominatur,
1709 573 1741 624 ut
1754 567 1813 626 bec
1827 570 1924 627 consi-

275 662 438 732 Dominum,
454 663 520 738 quia
534 664 592 738 ipse
610 662 700 719 dixit:
731 661 804 729 «Qui
821 662 850 719 in
868 661 984 718 minimo
999 661 1072 719 lide-
1126 659 1262 730 derantes,
1277 660 1352 733 justa
1366 659 1400 717 ab
1414 660 1454 716 eis
1468 658 1581 734 exigant
1595 657 1711 715 servitia
1726 674 1732 713 :
1748 657 1816 714 talia
1828 658 1925 733 utique

276 749 312 808 lia
324 760 375 822 est,
391 760 419 808 et
434 752 462 808 in
477 768 576 825 magno
590 751 681 808 tidelis
699 757 740 808 est
756 751 831 824 (Luc.
856 767 917 816 ιιι,
935 750 991 822 lh).
1011 775 1020 800 ι
1042 749 1072 808 Si
1126 749 1219 823 qualia
1245 758 1272 806 et
1287 765 1304 804 a
1317 764 1345 806 se
1366 749 1440 821 exigi
1464 749 1563 805 volunt
1586 763 1602 804 a
1625 746 1746 804 Domino
1771 749 1922 806 communi.

273 840 348 897 enim
374 842 410 911 ei,
429 842 475 914 qui
496 840 530 898 ad
547 857 667 913 presens
679 839 804 897 uindicat
817 841 893 913 (99),
909 839 998 896 lidelis
1014 855 1070 896 non
1124 838 1193 894 Nam
1216 855 1279 895 cum
1301 838 1351 912 ipsi
1381 855 1436 894 non
1451 845 1483 894 ut
1511 837 1625 910 dignum
1642 845 1694 905 est,
1719 837 1924 910 Deoserviant,

272 930 368 999 luerit,
384 927 431 1004 qui
446 928 506 986 deri
521 931 622 1003 poterit
637 938 668 986 ut
682 928 725 986 illi
740 927 821 985 fidem
836 927 976 998 exhibeat,
988 944 1069 1001 quem
1124 944 1205 1002 quem
1231 944 1287 985 non
1302 937 1403 1000 negant
1416 928 1541 985 omnium
1557 933 1718 1000 potestatem
1742 925 1856 997 babere,
1870 945 1923 986 ou-

271 1026 334 1092 poet
364 1028 480 1076 mortem
505 1019 583 1076 audit
607 1017 823 1091 judicatnmmi
851 1016 958 1074 idcirco
977 1018 1006 1072 in
1022 1015 1069 1073 do·
1121 1016 1222 1092 jusque
1246 1017 1406 1092 quotidiana
1434 1015 1506 1075 dona
1534 1033 1583 1090 per
1609 1015 1764 1074 ministeris
1790 1025 1922 1074 creature

271 1108 343 1164 mini
370 1108 489 1166 carnalis
515 1124 597 1164 caum
620 1106 726 1180 justum
747 1109 808 1164 vult
826 1123 884 1164 esse
905 1122 1015 1164 servum
1042 1115 1070 1165 et
1124 1103 1254 1164 humanis
1282 1107 1378 1164 usibus
1400 1105 1537 1176 exhiberi,
1561 1122 1577 1162 a
1596 1105 1709 1180 paribus
1732 1104 1796 1163 suis¹
1810 1107 1922 1180 (utnon

271 1195 478 1271 obsequentem,
504 1206 535 1254 ut
553 1197 640 1270 possit
667 1205 694 1254 ιι
717 1196 748 1254 iu
772 1196 822 1254 liei
842 1196 924 1253 rebus
938 1203 965 1252 et
979 1194 1069 1252 tidelis
1123 1197 1213 1255 dicam
1241 1198 1386 1269 fratribus)
1408 1205 1465 1254 tam
1493 1197 1587 1272 gravia
1614 1196 1730 1271 exigunt
1749 1197 1875 1266 servitis,
1892 1206 1923 1255 ut

272 1303 330 1347 esse
356 1296 383 1344 et
410 1288 572 1361 obsequens.
602 1288 631 1344 Si
659 1288 734 1344 enim
759 1286 788 1344 in
808 1287 937 1361 presenti
951 1285 1069 1343 idoneus
1122 1288 1189 1345 ferri
1211 1287 1405 1361 nonpossint:
1428 1302 1484 1343 non
1503 1292 1637 1359 ponentes
1652 1285 1681 1342 in
1695 1285 1799 1354 animo,
1817 1286 1884 1360 quia
1897 1294 1923 1344 ιι

270 1377 365 1448 fuerit,
380 1377 428 1435 ubi
442 1379 495 1435 scit
509 1377 586 1434 nulla
599 1393 657 1434 esse
668 1377 722 1434 nisi
736 1376 929 1451 corruptibilia
942 1375 1065 1449 premia,
1122 1378 1175 1452 ipsi
1190 1378 1279 1435 velint
1295 1378 1395 1447 nolint,
1410 1375 1484 1434 servi
1493 1382 1568 1445 sunt,
1584 1382 1611 1431 et
1624 1373 1747 1432 viderint
1770 1375 1852 1450 cujus
1867 1392 1922 1434 me·

268 1473 373 1542 quanto
395 1466 483 1539 magis
506 1467 668 1540 propensior
694 1466 746 1522 erit
772 1467 802 1522 in
829 1464 879 1522 Dei
908 1463 1065 1534 devotione,
1122 1468 1180 1524 riti.

268 1571 350 1630 ιιιιι
362 1554 414 1612 ecit
428 1554 558 1611 fidelibus
573 1555 740 1634 immortalia
755 1553 883 1610 daturum
899 1552 1028 1626 premisl
1158 1558 1249 1630 (vers.
1270 1559 1297 1627 ι,
1313 1557 1339 1626 3,
1355 1557 1397 1629 4,)
1429 1555 1581 1614 «Orationi
1598 1555 1711 1626 instate,
1726 1555 1872 1630 vigilantes
1890 1557 1921 1614 in

305 1647 396 1721 (Vera.
413 1645 458 1715 23,
472 1645 517 1715 ll,
533 1646 592 1717 25.)
651 1644 792 1720 Quidquid
806 1645 908 1713 iacitis,
923 1659 958 1700 es
972 1642 1066 1699 animo
1120 1645 1248 1705 iliacum
1273 1647 1423 1720 gratiarum
1446 1646 1572 1714 actioue;
1598 1653 1707 1705 orantes
1732 1645 1815 1703 sirunl
1829 1653 1858 1704 ιι
1872 1663 1922 1720 pro

266 1733 431 1809 operamini,
446 1742 477 1789 ut
489 1734 608 1791 Domino
618 1741 711 1790 elnon
721 1733 890 1790 homiuibus:
908 1731 974 1789 certi
990 1729 1065 1804 quod
1078 1755 1102 1817 Β
1120 1736 1211 1805 ιοιιι,
1231 1744 1263 1793 ιι
1290 1738 1363 1793 Deus
1387 1735 1491 1809 aperiat
1506 1735 1586 1792 nobis
1600 1734 1701 1792 ostium
1715 1734 1794 1793 verbi
1807 1730 1843 1793 sd
1857 1737 1921 1794 elo-

266 1840 284 1881 a
309 1822 429 1884 Domino
447 1823 587 1896 recipietis
603 1824 813 1881 retributionem
828 1823 998 1881 hereditatis
1011 1824 1064 1880 Do·
1120 1823 1260 1899 quendum
1285 1825 1450 1899 mysterium
1477 1823 1582 1882 Christi
1607 1825 1820 1899 (propterquod
1833 1826 1918 1886 etiam

265 1912 337 1969 mini
362 1911 478 1983 Christi,
506 1914 554 1970 cui
575 1915 698 1971 servitis.
715 1913 768 1981 Qui
783 1912 858 1970 euim
872 1912 968 1987 inique
983 1912 1063 1986 gerit,
1119 1914 1231 1972 vinetus
1244 1915 1329 1986 sumi,
1340 1923 1373 1972 ut
1386 1911 1560 1971 manifestem
1571 1912 1744 1987 iliud‚pront
1754 1922 1864 1988 oportet
1877 1931 1920 1972 ιιι

263 2001 319 2061 fert
338 2001 368 2059 id
390 2001 465 2076 quod
484 2003 566 2078 gessit
587 2003 700 2077 inique:
716 2010 743 2058 et
758 2018 816 2060 uon
831 2009 873 2059 est
886 2017 1063 2074 personarum
1118 2006 1206 2078 ioqui.
1226 2030 1236 2054 ι
1258 2006 1317 2062 Jam
1334 2005 1519 2080 prudentibus
1533 2005 1697 2079 mysterium
1714 2005 1827 2067 Domini
1840 2007 1918 2066 Chri·

265 2091 389 2164 eoceptio
409 2091 482 2164 apud
505 2093 628 2150 Deum.»
651 2093 687 2149 Ut
701 2100 843 2165 promptos
861 2091 925 2149 illos
939 2091 968 2147 in
987 2091 1063 2148 obse·
1118 2094 1164 2163 sti,
1190 2104 1218 2153 et
1242 2095 1330 2154 cautis
1354 2096 1395 2169 (l)
1424 2096 1454 2153 in
1482 2095 1621 2153 evitandis
1640 2095 1720 2153 vitiis
1742 2105 1919 2170 peecatorum

263 2179 329 2254 quio
354 2188 381 2236 et
403 2179 458 2238 tide
485 2182 579 2252 iaciat,
596 2181 749 2240 mercedem
770 2181 834 2238 illos
849 2181 986 2238 bonorum
1001 2196 1063 2253 ope·
1119 2185 1238 2242 orationi
1255 2185 1415 2243 instandum
1437 2186 1570 2255 ostendit,
1598 2194 1630 2244 ut
1652 2186 1761 2244 meritis
1780 2194 1917 2256 crescant,

263 2284 326 2326 rum
345 2280 505 2344 accepturos
531 2270 671 2344 promittit
697 2287 714 2328 a
736 2271 793 2326 Deo
807 2270 836 2325 in
850 2286 935 2343 regno
947 2267 1060 2327 Christi.
1108 2273 1311 2334 'deficientibus
1329 2276 1529 2335 tentationibus
1543 2275 1703 2334 adversarii.
1723 2277 1797 2346 Quos
1814 2277 1845 2335 in
1860 2285 1918 2334 tan·

262 2357 343 2428 Quod
364 2366 395 2416 ut
421 2360 568 2433 probaltlm
596 2361 632 2418 sil
651 2367 844 2432 diaecepillm,
863 2359 904 2416 sio
925 2359 1063 2416 illosvlill
1116 2373 1177 2422 tum
1203 2367 1302 2441 dignos
1321 2368 1414 2438 habet,
1429 2375 1461 2424 ut
1485 2366 1593 2440 judicet
1610 2384 1657 2425 gos
1678 2368 1763 2425 etiam
1781 2385 1811 2426 gg
1838 2385 1917 2443 μω

263 2451 377 2526 obsequi
391 2453 465 2510 sieut
482 2453 614 2522 Domino,
629 2468 707 2525 aquo
721 2449 875 2508 mercedem
890 2457 1059 2523 exspectant.
1117 2457 1245 2530 precibus
1270 2457 1402 2532 adjuvare
1429 2457 1464 2515 ed
1492 2458 1668 2516 asserendum
1683 2457 1814 2518 audacter
1826 2459 1917 2518 Eran-

262 2542 300 2598 Aa
327 2540 352 2597 si
379 2557 474 2598 servus
500 2541 596 2614 inique
614 2541 710 2615 egerit,
734 2557 791 2597 nou
815 2539 904 2597 solum
920 2540 1062 2597 bominem
1117 2547 1232 2621 gelium,
1255 2549 1290 2607 ad
1311 2548 1385 2624 quod
1405 2545 1639 2606 manifestandum
1655 2549 1819 2623 legationem
1834 2567 1917 2610 scca-

264 2627 394 2698 offendet,
422 2629 470 2687 sed
494 2637 522 2686 ιι
544 2631 642 2700 Deum,
672 2647 754 2704 quem
777 2630 807 2686 iu
833 2629 952 2687 admissa
966 2630 1062 2688 fraude
1116 2645 1203 2711 parat,

262 2719 384 2778 carnalis
407 2719 514 2778 domini
537 2721 713 2794 contempsit.
730 2722 759 2778 si
774 2729 865 2778 autem
883 2720 952 2778 bene
964 2721 1061 2796 egerit,
1153 2726 1245 2798 (vers.
1275 2727 1302 2797 ii,
1323 2725 1363 2798 o.)
1383 2728 1440 2786 «111
1455 2729 1741 2802 sapientiaambutm
1754 2727 1789 2786 ad
1803 2743 1851 2786 ως
1867 2730 1916 2803 qui

263 2824 320 2866 nou
338 2808 391 2866 erit
411 2809 484 2882 apud
507 2810 595 2866 Deum
614 2827 710 2868 servus
724 2809 857 2880 hominis,
873 2810 950 2884 quasi
966 2811 1061 2883 despe·
1116 2815 1184 2877 ioris
1207 2826 1282 2889 sunt,
1300 2825 1410 2893 tempus
1432 2821 1607 2879 redimentes.
1631 2821 1727 2878 Seruum
1740 2828 1832 2878 aester
1846 2835 1917 2878 sem·

261 2897 350 2956 otior:
367 2898 415 2964 sed
429 2899 740 2974 remunerabitur,guasi
754 2901 823 2958 liber
835 2900 909 2958 inter
922 2900 1059 2971 homines,
1115 2923 1164 2980 per
1189 2906 1218 2964 in
1241 2908 1329 2981 gratia
1342 2909 1397 2966 sale
1411 2910 1448 2968 sit
1462 2909 1602 2979 conditus,
1619 2919 1651 2967 ut
1665 2910 1760 2968 sciatis
1774 2908 1917 2985 quomodo

261 3001 359 3044 servus
382 2994 475 3044 autem
489 2987 604 3058 Christi,
624 2988 699 3063 quod
721 2989 864 3063 dignitatis
882 2997 924 3046 est
945 3005 1058 3047 nomeu.
1115 3005 1240 3069 oporteat
1261 3015 1312 3056 vos
1339 2999 1457 3072 singulis
1478 3001 1677 3074 respondere„
1703 3001 1839 3070 Quoniam
1860 3015 1916 3057 ne-

1075 3088 1917 3238 0aaaresultantia.tlte

297 3268 390 3348 (Vera.
411 3270 452 3345 l.)
477 3269 626 3341 «Domini,
646 3268 721 3344 quod
731 3268 839 3343 justum
854 3278 896 3328 est
909 3278 936 3327 et
950 3284 1059 3344 equum
1114 3265 1188 3338 quod
1202 3276 1368 3338 commouet,
1393 3277 1425 3326 ut
1444 3287 1508 3328 cum
1522 3271 1657 3344 sapientia
1671 3271 1708 3328 sit
1721 3267 1781 3344 ipsa
1793 3285 1918 3328 ιοιιιιι-

261 3362 349 3421 aervis
365 3359 494 3435 prebete,
514 3361 632 3418 scientes
646 3357 720 3432 quod
735 3367 763 3416 ιι
783 3375 833 3416 ros
846 3358 998 3415 bominum
1013 3357 1059 3414 ha·
1114 3357 1185 3413 satio
1205 3365 1315 3430 propter
1336 3359 1497 3417 scandalum
1519 3361 1676 3434 gentilium,
1692 3375 1726 3418 ne
1740 3359 1915 3418 occasionem

260 3452 333 3510 betis
362 3453 393 3509 in
421 3451 542 3509 celia·
572 3448 732 3507 Nedomini
747 3448 912 3520 tammalcs
933 3447 1060 3520 superbia
1115 3467 1164 3525 per
1190 3469 1241 3510 nos
1259 3453 1398 3527 acciplunt
1421 3453 1642 3528 blasphemandi,
1664 3463 1691 3511 et
1713 3451 1915 3512 incitenturad

261 3538 444 3606 extollantur,
472 3543 669 3608 presumentes
689 3534 724 3591 de
739 3535 893 3603 dominatu,
910 3535 1020 3607 mitigat
1033 3542 1060 3591 ιι
1115 3547 1344 3618 persequendum.
1370 3547 1422 3614 Qui
1447 3547 1522 3606 enim
1541 3564 1610 3621 opus
1630 3556 1674 3605 est
1687 3543 1763 3620 loqu'i
1786 3561 1848 3603 eum
1868 3561 1914 3615 eo,

262 3624 374 3686 cohibet
384 3624 492 3681 animos
506 3624 630 3691 illorum,
649 3630 680 3678 ut
695 3621 820 3681 adbibita
841 3623 1060 3682 consideratione
1115 3646 1196 3704 quem
1212 3635 1282 3692 scias
1297 3635 1511 3706 intractabilem,
1527 3644 1554 3692 et
1568 3637 1712 3694 obstinate
1731 3635 1844 3703 mentis,
1860 3650 1916 3707 pa-

262 3713 378 3772 bumaui
388 3710 731 3786 generis,auimadvertant
744 3718 885 3768 auctorem
900 3713 988 3768 Deum
1005 3729 1060 3770 uon
1114 3731 1205 3781 rasum
1219 3725 1253 3782 ad
1272 3727 1469 3784 contumeliam
1489 3727 1668 3786 repetendam?
1688 3727 1753 3785 gago
1777 3726 1838 3783 ιη,
1852 3741 1915 3782 mo.

263 3819 357 3863 servos
381 3808 409 3859 et
428 3800 539 3870 liberos,
572 3799 620 3857 sed
635 3816 731 3857 omnes
747 3801 880 3873 ingenuos
893 3801 1058 3860 condidisse.
1115 3823 1172 3882 net,
1185 3823 1217 3872 ut
1232 3825 1385 3890 opportune
1398 3825 1426 3874 et
1440 3818 1501 3875 loco
1513 3825 1541 3877 ιι
1555 3825 1689 3891 tempore,
1704 3816 1834 3890 megistus
1848 3831 1918 3872 mo-

262 3893 316 3954 Sed
330 3893 385 3957 1²0⁰
398 3891 496 3950 mundi
511 3891 659 3966 ifliiustlie
672 3891 774 3948 fliium
791 3899 843 3961 0⁵²,
866 3901 897 3948 ¹¹1
912 3891 977 3948 dum
992 3877 1091 3950 aiter*
1115 3902 1213 3974 destia,
1241 3906 1385 3980 religionis
1403 3907 1489 3965 uerba
1501 3917 1666 3981 promantur
1678 3926 1684 3966 :
1698 3914 1746 3964 aut
1758 3905 1782 3962 si
1794 3920 1919 3978 persona

263 3982 379 4042 alteriue
395 3980 465 4039 lines
479 3980 599 4049 invadit,
615 3979 901 4053 tuneceptivosdueit
916 3979 1058 4053 ingenuom
1114 3995 1178 4051 tatis
1205 3996 1235 4053 jn
1258 3996 1349 4054 medio
1376 4005 1426 4067 egi,
1452 4013 1513 4073 qua
1537 3999 1701 4072 perstrepat,
1727 3993 1916 4055 segandum,

262 4073 337 4132 unde
367 4078 395 4130 ei
425 4087 510 4128 ΜΝ
533 4068 605 4144 capti
636 4068 705 4126 dissii
719 4075 785 4168 iuni
809 4068 1061 4169 {Vitilihuiissde
1114 4085 1204 4142 Aliter
1217 4086 1291 4144 euim
1308 4105 1369 4146 cum
1385 4091 1545 4163 potentibus
1559 4091 1667 4160 mundi,
1682 4074 1839 4148 alitercum
1851 4097 1919 4142 me-

263 4163 415 4237 mancipia.
437 4161 490 4220 me
508 4176 588 4218 casus
606 4158 772 4218 etoonmtio
786 4164 868 4215 eum
892 4175 966 4216 nune
980 4169 1059 4234 eree
1114 4172 1265 4246 diocribus,
1294 4185 1322 4234 a
1348 4179 1429 4237 sum
1451 4197 1514 4238 eum
1536 4179 1690 4238 semirasus
1710 4175 1846 4252 eandum
1860 4180 1920 4232 aa.

263 4265 315 4326 iti,
344 4256 392 4312 iiii
422 4254 608 4326 redimuntur,
637 4253 686 4310 aiii
712 4259 855 4310 seminent
871 4251 953 4309 Silvi·
978 4249 1060 4324 Apud
1113 4264 1203 4322 Aliter
1215 4266 1316 4324 iterum
1332 4285 1394 4326 oum
1412 4270 1574 4340 mansuetis,
1588 4270 1670 4329 aliter
1682 4283 1746 4326 cum
1759 4263 1921 4334 iracundis,

262 4351 351 4416 Deum
371 4353 463 4404 autem
490 4347 538 4406 hi⁰
568 4363 664 4406 servus
691 4347 817 4417 babetur,
842 4345 888 4421 qui
907 4343 1061 4418 hemiterii
1114 4355 1216 4428 quibus
1234 4357 1294 4415 cedi
1308 4367 1427 4432 oportet,
1443 4359 1497 4417 boc
1511 4367 1552 4418 est
1566 4360 1700 4418 redimere
1720 4352 1923 4428 tempeaCum

264 4447 356 4519 (loca.
384 4459 445 4512 vrri,
470 4443 528 4517 st).
550 4444 675 4518 Denique
690 4446 795 4518 peceati
810 4459 892 4502 causa
904 4443 992 4502 Cheru
1004 4459 1058 4502 ser·
1074 4486 1099 4548 D
1114 4445 1188 4502 enim
1202 4445 1344 4505 insidianti
1358 4448 1511 4525 Dominicis
1525 4449 1618 4507 verbis
1625 4455 1652 4506 et
1666 4445 1770 4505 iuranti
1780 4441 1925 4514 temporis

262 4553 316 4594 rus
342 4533 469 4591 audivit:
507 4533 696 4590 «Maledictus
725 4549 793 4604 puer
807 4532 948 4604 Chauaan,
962 4549 1058 4592 servus
1114 4533 1235 4592 audacie
1254 4537 1338 4608 cedis,
1355 4535 1579 4610 imnrieimesti
1599 4537 1733 4611 temporis
1747 4532 1818 4592 lucri
1832 4529 1924 4588 iscis.

263 4643 407 4688 serstorum
439 4623 494 4681 erit
511 4623 644 4680 iratribus
657 4622 714 4680 suis
731 4623 808 4695 (Gen.
825 4641 865 4694 rx,
881 4625 965 4698 atti..
987 4631 1059 4690 275
1113 4625 1181 4684 Nam
1196 4627 1220 4684 si
1235 4635 1326 4701 caput,
1342 4627 1435 4697 idest,
1456 4645 1506 4686 rea
1520 4629 1634 4687 assentit
1652 4625 1773 4701 corpori,
1788 4631 1856 4680 tunc
1871 4629 1928 4678 est

262 4725 314 4786 Cui
341 4723 484 4782 sententie
511 4729 616 4778 ιιιιιιι
644 4737 792 4793 assensere,
811 4723 895 4784 itaut
912 4726 1059 4784 delinirent
1113 4713 1227 4773 libeliis
1241 4715 1372 4788 i⁰ii¹10¹1di
1388 4715 1472 4774 verbe
1489 4717 1540 4774 Dei
1554 4734 1618 4776 tium
1641 4712 1865 4779 mansuetudine,
1884 4719 1931 4768 1¹1

262 4831 359 4874 omnes
375 4813 525 4889 prudentes
540 4827 597 4869 esse
612 4811 724 4883 liberos,
747 4814 846 4870 stultos
854 4823 948 4888 grem
963 4831 1058 4874 omnes
1113 4813 1298 4879 provocentur
1320 4805 1355 4862 ad
1374 4806 1489 4864 bonum.
1508 4807 1747 4882 Perstrepeutibm
1768 4811 1865 4862 umen
1893 4811 1932 4861 et

262 4919 319 4962 esse
331 4919 443 4961 servos:
466 4902 531 4977 quia
544 4901 794 4975 prudensahsunet
812 4903 1057 4976 apeoeattsumie
1111 4895 1243 4952 eniruosis
1268 4895 1302 4952 ad
1328 4896 1455 4955 convicia
1481 4913 1589 4971 semper
1615 4897 1787 4959 cedendum:
1820 4892 1933 4952 vineis

261 4993 399 5068 ingenuus
412 4991 508 5065 sit,qui
519 5001 593 5051 recta
602 4993 937 5066 sequitur,servusautem
947 4993 994 5065 qui
1009 5009 1057 5066 per
1111 4984 1196 5055 enim,
1210 4985 1277 5042 dum
1288 4985 1372 5044 cedis.
1399 5047 1404 5054 ,
1578 5053 1584 5063 ,

260 5083 385 5142 stultitie
399 5082 614 5156 imprudentiam
637 5082 751 5155 subjicit
765 5099 793 5139 se
808 5087 927 5155 peceato.
942 5081 1020 5139 Unde
1029 5093 1056 5142 ιι
1148 5084 1239 5156 (Vere.
1256 5085 1281 5154 ⁷,
1296 5085 1324 5155 8,
1338 5085 1379 5158 9.)
1422 5085 1575 5155 Quocirca
1589 5089 1633 5142 mc
1647 5091 1724 5154 sunt,
1739 5081 1936 5144 omnianotn

258 5172 346 5232 Chsm
368 5181 479 5247 propter
493 5172 649 5241 stultitiam,
663 5172 710 5245 qui
726 5172 786 5228 risit
801 5170 955 5228 nuditatem
970 5173 1055 5244 patris
1109 5172 1191 5232 faciet
1217 5174 1297 5231 vobis
1319 5173 1456 5248 Tyebieus
1470 5175 1588 5235 dilectus
1601 5174 1695 5244 frater,
1710 5180 1739 5232 et
1751 5169 1840 5229 tidelis
1855 5174 1937 5231 mi·

258 5263 352 5334 stulte,
373 5279 469 5321 servus
481 5270 522 5320 ιιι
536 5259 829 5336 appellatus.0steudit
842 5275 907 5333 ergo
921 5261 1052 5334 dominis,
1108 5263 1205 5335 nister,
1224 5271 1251 5320 ιι
1271 5279 1421 5322 conservus
1429 5263 1460 5322 iu
1474 5266 1612 5322 Domino:
1629 5280 1711 5338 quem
1729 5260 1792 5320 misi
1810 5259 1846 5318 ad
1860 5278 1942 5326 vos

256 5352 322 5426 quia
335 5369 391 5411 nou
406 5367 469 5410 vere
482 5359 548 5410 sunt
562 5349 729 5422 domini,sed
738 5350 816 5424 quasi
830 5365 879 5424 per
892 5351 1050 5426 imaginem:
1108 5355 1138 5414 in
1152 5353 1205 5413 boo
1228 5352 1330 5428 ipsum,
1346 5361 1377 5412 ut
1390 5361 1537 5430 cognoseat
1553 5371 1614 5430 que
1628 5353 1766 5414 circaros
1784 5357 1868 5422 sunt,
1896 5363 1940 5413 et

292 5575 351 5652 (99)
366 5575 500 5634 Nonnulli
519 5590 596 5642 mss,
611 5573 658 5645 gui
671 5574 835 5646 adpraesens
847 5575 961 5647 judicet.

291 5649 333 5718 (l)
361 5649 399 5706 lit
421 5647 505 5706 centia
532 5663 567 5703 ex
588 5662 654 5704 mss.
677 5645 796 5720 Remlg„
813 5648 899 5706 Laud.
924 5667 956 5708 ac
973 5651 1047 5712 Veli.
1073 5649 1238 5713 restituitur.
