4038 6168
126 271 186 332 teto

555 281 785 341 Beneuentum
804 283 992 345 expostulo
1012 287 1045 346 IN
1068 289 1320 350 APOCALYPSIN.

1697 305 1767 379 1006

125 398 221 458 ceteri:
245 405 342 456 contra
362 416 431 474 quos
456 402 478 459 si
499 405 561 477 quis
584 407 696 480 aliquod
712 409 826 466 verbum
849 427 911 466 con·
927 416 953 476 A
967 413 1112 470 ctitndinis
1122 425 1212 487 posset
1235 417 1346 476 ducere.
1368 419 1439 476 lusti
1460 421 1551 495 itaque
1576 424 1624 496 qui
1646 441 1694 499 per
1717 426 1768 484 bos

124 489 226 546 uarium
251 489 374 562 proferre
400 493 528 564 voluerit,
553 496 739 556 defenduntur
762 500 796 557 ab
811 501 868 570 eis;
885 510 911 558 et

124 579 219 651 fingunt
242 595 271 636 se
289 579 396 636 nescire
418 583 492 654 quod
516 585 618 656 sciunt,
634 587 908 666 condemnanturque

123 670 189 726 illins
195 669 355 743 prophetica
363 673 573 750 sententiaque
584 675 653 735 dicit
667 698 673 735 :
698 705 707 728 ‹
723 680 771 737 Vas
784 680 906 754 qnidici·

125 761 155 814 tis
168 760 267 815 maium
282 759 398 830 bonum,
415 767 442 818 et
455 761 560 820 bonnm
574 766 698 836 melum;
714 777 847 841 ponentes
865 777 912 826 tc-

122 848 209 904 nebras
222 848 323 916 lucem,
339 856 366 904 et
381 850 471 906 lucem
485 853 613 910 tenebras
628 855 691 926 (iss.
710 872 737 926 v,
754 857 799 930 20)
814 859 820 913 t
838 883 848 908 ι
867 858 911 916 nd

122 946 146 994 te
159 953 217 1010 ergo
232 938 341 1012 loquor,
357 938 405 1012 qni
419 939 483 998 talis
498 958 525 998 es
541 961 546 999 :
562 960 624 1001 ecce
638 943 758 1004 enimam
774 948 905 1004 sacerdo-

123 1026 154 1082 tis
171 1025 277 1084 diabolo
292 1027 456 1086 vendidisti.
471 1029 538 1097 Quis
559 1031 634 1088 enim
649 1033 737 1090 suasit
748 1037 910 1108 presbytero

122 1123 149 1171 nt
166 1114 356 1186 fornicaretur,
372 1117 427 1174 nisi
451 1117 599 1177 diabolus?
623 1121 677 1189 Qui
692 1140 756 1196 ergo
771 1125 856 1181 suasit
877 1134 908 1183 ut

121 1204 305 1274 fornicaretur,
322 1204 379 1278 ipse
393 1206 480 1264 suasit
494 1215 525 1265 ut
539 1209 659 1281 pretium
674 1211 725 1270 tibi
743 1212 830 1283 daret,
844 1231 910 1288 que·

122 1301 193 1352 tenus
219 1294 273 1352 boc
298 1294 387 1352 scelus
415 1295 474 1351 sine
500 1297 599 1356 timore
624 1308 780 1374 perpetrare
808 1311 909 1376 posset.

120 1386 165 1444 Per
185 1403 296 1444 manum
325 1403 389 1459 ergo
414 1387 568 1463 presbyteri
595 1394 716 1464 pretinm
745 1395 911 1468 perditionis

121 1476 210 1533 anime
224 1476 311 1550 ipsius
330 1475 383 1533 tibi
396 1475 524 1536 diabolus
538 1479 624 1538 dedit.
645 1483 717 1552 Ecce
731 1484 851 1558 pretium
866 1471 922 1544 ac¹¹

119 1561 216 1636 cepisti,
233 1571 260 1620 et
269 1561 392 1619 animam
402 1563 504 1621 fratris.
525 1565 630 1625 Christi
646 1567 778 1641 sanquine
799 1569 908 1628 redem-

119 1661 196 1727 ptam,
206 1653 296 1710 eidem
310 1651 419 1710 diabolo
430 1671 509 1728 aquo
520 1655 718 1728 redemptaest,
728 1657 912 1716 tradidistiin

967 502 1090 575 quinque
1105 505 1229 578 corporis
1244 523 1340 566 sensus
1354 509 1505 566 secundum
1521 510 1639 570 rationis
1653 515 1767 572 rectitu-

966 591 1060 648 dinem
1076 593 1203 652 incedere
1221 598 1398 668 studuerunt,
1414 601 1565 657 amicitiam
1579 602 1634 659 sibi
1647 605 1698 663 Dei
1710 623 1767 664 om·

966 679 1118 752 bipotentis
1133 685 1340 756 acquisierunt:
1358 687 1439 760 impii
1455 705 1520 745 vero
1530 687 1578 763 qui
1592 691 1707 750 rationis
1720 694 1767 750 bo·

966 789 1034 830 num
1059 774 1088 830 in
1113 778 1216 834 malum
1243 786 1440 850 pervertentes,
1464 780 1654 855 hoscorporis
1673 801 1768 842 seusus

969 865 1087 922 luxuriae
1101 874 1128 921 et
1141 867 1247 924 caeteris
1258 867 1336 924 vitiis
1351 870 1454 926 servire
1467 882 1626 944 coegerunt,
1641 872 1710 930 iram
1725 875 1768 932 ni·

966 952 1120 1011 hilominns
1140 954 1210 1028 justi
1232 956 1336 1029 judicis
1360 959 1545 1017 incurrerunt.
1573 963 1660 1035 Igitur
1687 963 1710 1019 si
1737 981 1768 1022 ea

967 1063 1026 1121 quae
1042 1049 1071 1106 in
1086 1053 1267 1124 sequentibus
1279 1053 1382 1124 scripta
1395 1062 1470 1123 sunt,
1488 1072 1583 1112 vocem
1603 1056 1708 1115 scilicet
1723 1058 1768 1115 ci-

966 1138 1156 1198 tharoedorum
1181 1151 1208 1199 et
1230 1143 1412 1211 musicorum,
1436 1152 1463 1201 et
1483 1145 1553 1203 tibia
1568 1148 1725 1204 canentium
1741 1157 1768 1206 et

967 1226 1042 1296 tuba,
1058 1245 1122 1285 cnm
1140 1229 1175 1285 iis
1190 1230 1356 1304 conjungere
1373 1233 1495 1290 volueris
1505 1252 1512 1302 ;
1530 1235 1654 1292 invenies
1672 1251 1769 1294 omnes

966 1315 1079 1373 divitias
1094 1317 1256 1392 Babylonis,
1268 1335 1327 1392 ques
1341 1320 1388 1378 bic
1398 1321 1541 1396 descriptae
1556 1331 1630 1393 sunt,
1645 1326 1678 1382 ad
1689 1326 1767 1398 quin·

966 1420 1019 1478 que
1042 1406 1166 1480 corporis
1187 1423 1294 1478 sensus,
1311 1417 1342 1466 ut
1363 1426 1446 1483 supra
1468 1411 1603 1482 diximus,
1618 1413 1765 1486 pertinere.

965 1495 1073 1549 Aurum
1098 1511 1226 1568 nemque,
1252 1505 1279 1552 et
1299 1505 1454 1570 argentum,
1474 1509 1501 1557 et
1524 1499 1629 1574 lapides
1642 1501 1766 1574 pretiosi,

966 1588 994 1638 et
1017 1582 1180 1655 margaritae,
1204 1583 1239 1640 ad
1261 1584 1370 1643 visum:
1394 1585 1504 1660 byssus,
1528 1596 1555 1644 et
1581 1606 1713 1663 purpure,
1740 1599 1767 1648 et

967 1685 1077 1739 coccus,
1089 1681 1116 1729 et
1130 1680 1237 1741 caetera,
1253 1672 1287 1729 ad
1298 1679 1403 1730 tectum
1418 1693 1424 1732 :
1436 1675 1654 1748 cinnamomum,
1665 1687 1692 1736 et
1702 1678 1766 1736 odo·

118 1743 181 1818 Lege
194 1743 327 1816 scriptum
340 1743 465 1818 estquod
478 1744 501 1800 si
518 1745 581 1819 quis
601 1744 745 1802 hominem
764 1747 812 1819 qui
825 1747 910 1806 frater
924 1773 948 1834 Β
967 1767 1102 1830 ramenta,
1112 1769 1138 1817 et
1153 1767 1303 1833 unguenta,
1313 1767 1340 1816 et
1353 1761 1427 1830 thus,
1438 1761 1472 1820 ad
1481 1763 1625 1821 odoratum
1638 1783 1644 1822 :
1657 1765 1765 1840 viuum,

118 1832 170 1905 ejus
184 1841 263 1902 essct,
272 1831 451 1902 vendidisset,
462 1842 551 1891 morte
564 1843 717 1892 moreretur
729 1837 833 1908 (Exod.
847 1854 909 1911 xxr,

119 1925 160 1998 id)
177 1943 183 1982 :
200 1927 223 1982 si
243 1925 328 1998 igitur
346 1942 409 1984 reus
432 1935 474 1984 est
495 1927 553 1997 ille,
580 1928 628 2002 qui
643 1928 786 1986 hominem
800 1928 909 1986 homini

116 2014 224 2083 vendit;
241 2023 343 2088 quanto
357 2017 444 2090 magis
458 2023 488 2073 tn
500 2033 562 2075 reus
577 2018 689 2077 exsistis
703 2019 752 2094 qui
767 2018 908 2075 bominem

116 2105 216 2164 Christi
229 2107 360 2181 sanguine
376 2108 548 2182 redemptum
565 2126 622 2166 non
642 2109 760 2178 bomini,
776 2109 824 2166 sed
835 2107 909 2180 quod

117 2196 295 2271 perniciosius
308 2207 361 2268 est,
375 2198 487 2256 diabolo
502 2199 668 2257 vendidisti!
690 2199 768 2256 Tales
784 2215 848 2273 ergo
861 2215 907 2254 ne·

116 2287 257 2360 gotiatcres
272 2285 378 2344 ssebnnt
392 2295 419 2344 et
433 2289 567 2362 lugebunt
581 2289 610 2345 in
634 2287 755 2355 inferno,
776 2288 907 2362 quoniam

115 2376 249 2432 mercedes
279 2391 375 2432 eornm
402 2392 484 2433 nemo
511 2385 582 2434 emet
606 2377 750 2449 amplius;
779 2377 909 2435 amittent

114 2463 185 2520 enim
199 2465 271 2537 quod
281 2472 374 2522 tenere
389 2465 564 2536 videbantur,
581 2473 608 2524 et
622 2466 747 2524 incident
759 2467 789 2524 in
803 2467 907 2523 malurn

113 2553 184 2627 quod
198 2553 348 2626 praevidere
363 2556 554 2628 neglexerunt.

965 1848 1070 1918 oleum,
1096 1847 1206 1918 sinrilae,
1234 1847 1369 1920 triticum,
1394 1859 1421 1907 et
1447 1860 1556 1922 caetera,
1578 1853 1613 1911 ad
1636 1862 1764 1927 gustum:

964 1951 1021 1992 vox
1042 1934 1269 2006 citharoedorum,
1297 1945 1324 1994 et
1340 1940 1519 2009 musicorum,
1535 1947 1563 1998 et
1580 1941 1648 2000 tibia
1661 1959 1766 2002 canen-

964 2023 1047 2094 tium,
1072 2024 1106 2081 ad
1120 2023 1247 2081 anditum
1267 2027 1416 2098 pertinent.
1432 2028 1579 2086 Damnatio
1593 2046 1657 2104 ergo
1671 2032 1767 2106 Baby-

964 2113 1046 2182 lonis,
1064 2111 1136 2170 sicut
1158 2113 1218 2171 hmo
1234 2113 1374 2188 Scriptura
1397 2116 1578 2188 demonstrat,
1601 2121 1722 2179 maxime
1736 2122 1765 2179 in

963 2202 1072 2260 divitiis
1086 2203 1234 2272 consistit;
1259 2221 1291 2261 eo
1311 2205 1385 2278 quod
1401 2205 1508 2263 divitiae
1526 2207 1697 2266 nutrimenta
1710 2211 1767 2268 sint

962 2294 1107 2360 vitiorum,
1123 2300 1151 2349 et
1172 2310 1207 2350 ex
1226 2295 1327 2368 quibus
1347 2295 1551 2372 avaritiaque.
1575 2297 1657 2356 modo
1672 2300 1767 2374 regins

963 2383 1061 2440 mundi
1078 2382 1134 2441 dici
1147 2392 1246 2457 potest,
1262 2385 1404 2442 luxuriam
1418 2386 1505 2443 filiam
1520 2403 1598 2444 suern
1613 2390 1673 2446 alit.

982 2471 1090 2552 ¹(Vera.
1113 2479 1156 2550 15,
1174 2481 1216 2550 te,
1239 2481 1296 2552 tr.)
1322 2482 1482 2550 caedicius
1504 2483 1662 2554 foetiscat,
1685 2485 1719 2542 ab
1733 2503 1764 2542 ec

964 2569 1038 2640 lonqe
1061 2570 1168 2625 ebibent
1191 2575 1302 2640 propter
1330 2571 1449 2625 timorem
1479 2577 1668 2626 tormentorum
1695 2571 1761 2644 ejus,

148 2643 238 2716 (Vm-
255 2643 298 2713 12,
315 2643 360 2710 1³,
376 2643 432 2718 lb)
449 2644 593 2702 Mercedem
612 2641 685 2712 auri,
710 2649 735 2699 θῑ
757 2643 870 2715 aritini}
884 2649 907 2699 0⁶
960 2659 1050 2729 [leuiter
1064 2662 1088 2711 et
1110 2657 1233 2726 tepentes,
1260 2661 1284 2710 et
1301 2655 1434 2712 dicentes:
1463 2657 1514 2724 Vre,
1530 2675 1580 2727 oce,
1602 2657 1695 2714 ciuitas
1713 2659 1764 2716 ilic

114 2733 211 2806 lapidis
235 2733 357 2806 pretiosi,
383 2739 407 2790 et
419 2734 584 2808 marqcritoe,
599 2741 624 2790 ct
636 2733 717 2805 byssi,
732 2739 755 2789 et
766 2749 906 2806 purpure,
960 2763 1058 2816 mappa
1073 2762 1131 2816 qnae
1152 2744 1249 2801 amicta
1263 2751 1322 2800 erat
1335 2745 1420 2816 bysso,
1446 2750 1470 2800 et
1481 2761 1618 2818 purpura,
1637 2754 1661 2803 et
1679 2765 1762 2816 ccccc,

112 2831 136 2880 et
148 2824 236 2893 serici,
253 2831 276 2880 et
291 2823 368 2893 cccci,
395 2829 419 2879 et
438 2841 513 2880 omne
532 2825 631 2896 liquem
646 2823 764 2893 thyreum,
782 2830 805 2879 et
817 2823 906 2880 omnia
960 2841 985 2891 et
997 2836 1124 2890 timui-ata
1145 2851 1224 2899 auro,
1241 2840 1265 2888 et
1287 2834 1375 2905 lapide
1395 2835 1522 2906 pretioso,
1541 2841 1566 2890 et
1587 2837 1761 2908 morardum

111 2927 177 2968 cose
188 2913 402 2983 tiberiadensis
411 2929 476 2970 cesa
487 2914 518 2970 de
529 2913 618 2984 tepide
622 2913 905 2984 pretioso,etrermuen·
960 2924 1087 2997 quomam
1102 2941 1157 2980 qna
1172 2925 1239 2980 hora
1251 2924 1379 2979 matituna
1393 2929 1454 2979 sunt
1467 2931 1546 2980 ιαηιω
1555 2925 1674 2983 divitiae!
1684 2928 1763 2996 Quod

112 3005 184 3069 Μ
196 3001 281 3073 itm,
295 3009 319 3059 0⁸
330 3008 506 3072 mat'mrbtl
525 3003 701 3066 cinnam
715 3007 738 3057 ti
750 3001 906 3058 mmmm·
960 3013 1061 3071 divites
1081 3010 1233 3087 Babylonis
1255 3012 1336 3086 longe
1358 3020 1429 3070 stare
1452 3013 1589 3085 dicantur,
1612 3015 1763 3074 mcuudum

107 3095 206 3161 With
223 3100 247 3149 0¹
260 3093 395 3166 “diuitiis
410 3099 434 3148 θ’
449 3091 545 3161 ”iuriis
560 3098 585 3148 θ*
601 3089 668 3159 vim)
683 3096 708 3145 0⁸
721 3092 782 3160 ΟΜ,
794 3097 819 3146 ti
832 3089 903 3146 timi·
922 3124 944 3188 ὓ
959 3119 1070 3160 sensum
1091 3101 1271 3176 superiorem,
1297 3117 1379 3176 quem
1394 3099 1428 3158 de
1443 3101 1554 3176 regibus
1570 3103 1702 3176 diximus,
1718 3105 1762 3164 in·

107 3181 151 3249 tce,
169 3187 192 3236 et
216 3181 307 3252 tritici,
329 3189 352 3238 et
368 3183 560 3253 jumentorum,
581 3187 605 3237 et
617 3179 717 3247 coium,
728 3185 752 3237 et
765 3196 902 3252 equorum,
963 3191 1146 3264 telligendum
1161 3197 1214 3248 est,

105 3278 132 3327 et
151 3272 306 3342 rhedarum,
321 3280 344 3329 et
367 3272 574 3345 mcivdpiorum,
597 3275 622 3327 et
643 3270 798 3326 animorum
818 3269 908 3325 bomi—
1000 3291 1091 3364 (pers.
1110 3289 1153 3359 18,
1170 3289 1227 3364 19.)
1243 3292 1281 3348 Eg
1294 3291 1379 3347 ,mm-3
1395 3288 1565 3363 wewam,
1579 3295 1603 3347 θ,
1616 3305 1703 3346 ,mm
1716 3291 1764 3362 quq

104 3377 173 3419 nom
188 3379 197 3418 :
212 3370 236 3419 et
244 3379 326 3435 poma
346 3368 392 3420 tuo
407 3360 539 3418 desiderio
558 3362 656 3418 anime
671 3365 721 3417 ture
735 3360 909 3417 discesserunt
963 3381 992 3438 5,
1005 3382 1091 3437 lacum
1102 3379 1230 3451 „avim
1246 3381 1315 3454 (61),
1332 3385 1356 3437 ει
1367 3385 1456 3437 ,mm
1468 3379 1515 3452 qm·
1528 3379 1557 3436 qn
1567 3380 1639 3438 ma„-
1652 3397 1763 3452 omn,

102 3469 122 3509 α
139 3459 172 3522 ²²¹
188 3457 212 3508 θ’
229 3453 319 3510 ‘’mni“
339 3453 452 3526 Pindum
465 3457 489 3508 θ’
500 3452 786 3524 Wlflffli’ssrimm‘
804 3469 822 3508 α
837 3457 870 3517 ⁶³2
884 3456 909 3506 θ*
965 3478 1019 3540 tur,
1036 3472 1110 3544 ionqe
1132 3476 1268 3537 steterunt,
1293 3475 1318 3527 et
1340 3473 1531 3540 clamaverunt,
1551 3470 1665 3528 omnus
1678 3471 1763 3528 locent

102 3545 224 3616 emplius
239 3545 290 3601 illc
303 3561 357 3600 nou
370 3544 503 3601 invenient
515 3550 671 3600 uwrcctores
685 3544 790 3600 borum.
805 3543 836 3600 In
850 3559 907 3598 om·
963 3560 1078 3618 {mpii
1105 3559 1172 3632 φα,
1200 3560 1332 3616 dim„
1363 3561 1427 3629 ΟΜ
1455 3561 1550 3617 simili,
1578 3559 1678 3617 ,qm-mr
1703 3561 1764 3617 Μὴ

102 3633 192 3690 nibus
206 3650 266 3709 quas
281 3642 441 3692 enumerate
455 3631 908 3706 sunt,avaritiaBabyionisatque
963 3650 1088 3723 ,namq
1112 3651 1149 3706 Eg
1175 3650 1305 3706 mimum
1328 3651 1465 3722 pulmon,
1489 3665 1570 3724 ,uper
1594 3651 1682 3724 ,appa
1714 3667 1763 3710 ,ua

102 3725 223 3783 luxuria
243 3727 452 3785 condemnetur.
468 3726 536 3784 Nam
557 3734 584 3786 et
606 3723 754 3799 injudicio
773 3724 909 3781 Dominus
962 3741 1051 3812 penu,
1065 3744 1090 3795 ιι
1109 3739 1234 3810 lump„
1252 3745 1276 3794 ,q
1301 3738 1430 3795 (impu
1458 3739 1511 3808 yffi,
1537 3756 1586 3807 oo,
1606 3739 1699 3796 ,qvem
1712 3740 1763 3796 qr,

100 3829 162 3871 ”⁰¹¹
185 3814 259 3873 dioet
275 3817 422 3890 fflP¹⁰bi⁸²
442 3823 515 3881 567
537 3817 588 3883 1¹⁰2
604 3813 755 3884 maledissiis
772 3813 801 3870 in
815 3813 907 3887 ignem
962 3845 1071 3900 meque,
1088 3828 1118 3884 iu
1140 3845 1193 3900 quc
1208 3827 1301 3883 divites
1322 3828 1389 3899 sorti
1409 3832 1471 3882 sunt
1490 3844 1588 3896 cruces,
1610 3828 1657 3898 qui
1669 3829 1763 3885 babent

98 3925 243 3973 aeternum
260 3933 267 3981 ;
285 3916 350 3987 quie
367 3915 517 3973 homicidae
531 3915 634 3984 inistis,
650 3915 772 3989 superbi,
790 3913 907 3970 tornica-
962 3936 1041 3975 ncoes
1053 3919 1082 3974 io
1094 3917 1166 3975 mari
1179 3918 1211 3973 de
1221 3917 1316 3990 pretiis
1329 3917 1407 3989 circu
1423 3918 1549 3989 qvoniam
1567 3935 1622 3974 cua
1635 3919 1702 3976 bora
1716 3919 1762 3976 de-

97 4014 192 4072 tores,
207 4001 342 4070 adulteri,
357 4002 405 4058 sed
419 4002 513 4060 dicet:
538 4004 688 4074 «Esurivi,
704 4012 731 4060 et
749 4017 805 4059 non
819 4001 904 4058 dedi·
963 4010 1049 4065 sotata
1062 4008 1123 4063 est!
1146 4007 1295 4063 Possumus
1309 4021 1357 4079 per
1375 4021 1449 4062 mare
1465 4005 1519 4062 boc
1538 4006 1670 4063 saeculnm
1687 4026 1694 4065 :
1713 4021 1762 4080 per

96 4095 154 4152 stis
176 4091 247 4148 mibi
271 4087 438 4148 manducare
452 4107 460 4159 ;
482 4091 571 4162 sitivi,
587 4102 614 4149 et
634 4109 690 4149 non
706 4091 821 4149 dedistis
837 4089 907 4149 mihi
963 4097 1159 4171 gubernatores
1175 4111 1241 4152 vero
1255 4094 1393 4168 principes
1407 4094 1517 4166 iniquos
1531 4093 1684 4166 intelligere
1696 4111 1702 4151 :
1713 4110 1762 4167 per

94 4185 250 4250 bibere;·
280 4189 307 4238 et
328 4190 426 4238 crotera
446 4179 642 4237 misericordiae
665 4197 757 4254 opera,
776 4179 908 4254 aquibus
963 4179 1010 4242 eos
1028 4191 1120 4241 autern
1135 4182 1183 4257 qui
1203 4183 1237 4240 de
1261 4184 1321 4240 ioco
1342 4180 1377 4238 ad
1399 4183 1491 4240 locum
1510 4180 1651 4253 navigent,
1668 4188 1696 4238 et
1714 4197 1762 4254 per

95 4271 225 4332 avaritia
246 4270 364 4329 retrahit
398 4269 540 4343 reprobos,
557 4286 592 4326 ne
623 4269 819 4328 misericordes
851 4269 908 4325 sint
963 4281 1060 4330 nautas
1075 4273 1123 4346 qni
1138 4271 1168 4327 in
1187 4271 1257 4327 mari
1271 4276 1429 4344 operantur,
1454 4267 1562 4343 eosqui
1577 4267 1761 4327 diverseoffi·

95 4379 170 4437 erga
186 4377 330 4436 pauperes.
346 4359 473 4417 Avaritia
490 4359 592 4434 quippe
609 4358 705 4414 nutrix
715 4366 756 4416 est
770 4359 907 4416 luxuria:
963 4364 1052 4422 ciaad
1068 4362 1284 4437 depraedationes
1298 4376 1461 4434 pauperum,
1490 4367 1517 4416 et
1541 4359 1573 4416 sd
1590 4366 1700 4434 peccata
1713 4375 1762 4418 sua

95 4452 277 4511 nutrimenta
300 4459 391 4508 autern
416 4449 533 4507 luxuria
558 4447 587 4506 in
610 4448 665 4505 hoc
687 4449 748 4506 loco
771 4447 907 4521 descripta
921 4481 947 4542 D
963 4453 1088 4526 quotidie
1103 4451 1227 4524 augenda
1247 4450 1277 4507 in
1292 4450 1397 4506 mundo
1411 4454 1550 4506 exercent.
1570 4447 1620 4504 Isti
1634 4463 1698 4522 ergo
1712 4447 1760 4504 ile·

93 4551 182 4610 sunt,
206 4540 307 4614 quibus
322 4539 356 4597 ab
378 4538 497 4596 avaritia
516 4539 648 4595 nutritur.
672 4538 743 4595 Etsi
759 4537 906 4611 diligenter
962 4542 1033 4599 bunt
1054 4551 1080 4599 et
1094 4539 1386 4618 lugebunt-videntes
1401 4538 1492 4595 locum
1507 4537 1629 4594 incendii
1644 4537 1760 4612 Babylo·
1840 4573 1844 4578 -

92 4630 242 4704 inspicere
271 4629 449 4698 voluerimus,
479 4627 653 4684 inveniemus
680 4627 772 4684 omnia
796 4643 856 4700 qum
877 4626 906 4682 in
962 4631 1097 4704 nis;ipsi
1114 4645 1231 4703 namque
1245 4627 1470 4700 eruntBabylon,
1485 4633 1513 4682 et
1524 4626 1577 4699 ipsi
1588 4627 1721 4700 lugebunt
1733 4635 1761 4685 et

91 4721 156 4778 hoc
178 4719 239 4776 ioco
254 4717 288 4776 ad
302 4717 448 4776 avaritiam
464 4718 522 4776 sive
538 4717 679 4774 luxuriam
694 4716 845 4792 babylonis
860 4715 906 4772 de·
962 4719 1077 4777 debunt.
1100 4718 1241 4779 Videbunt
1264 4726 1354 4774 autem
1370 4715 1499 4774 incendia
1514 4715 1675 4790 Babylonis,
1695 4715 1761 4790 qnia

90 4811 314 4868 monstrandam
330 4815 489 4865 enumerata
501 4816 576 4878 sunt,
591 4809 626 4865 ad
645 4806 768 4882 quinque
783 4807 906 4881 corporis
962 4827 1011 4867 sua
1029 4807 1158 4866 incendia
1183 4807 1346 4882 perferendo
1370 4805 1515 4875 videbunt,
1536 4821 1596 4878 qnae
1616 4811 1708 4862 mente
1730 4804 1759 4906 in

88 4915 204 4958 sensns
220 4897 366 4972 pertinere.
382 4897 510 4970 Quinque
521 4895 597 4953 etnim
612 4902 677 4952 suut
695 4897 820 4969 corporis
838 4911 906 4953 sen·
961 4899 1062 4958 saeouio
1076 4897 1171 4972 positi,
1186 4896 1344 4970 conspicere
1368 4897 1561 4969 neglexerunt,
1576 4901 1608 4953 ut
1621 4911 1650 4953 se
1671 4911 1759 4954 corrr-

87 5005 162 5060 sus,
188 4987 218 5046 id
239 4994 280 5044 est
294 4987 380 5055 visus,
405 4986 525 5056 auditus,
549 4994 653 5059 gustus,
670 4985 801 5042 odoratus
815 4993 844 5042 et
860 4995 905 5042 ta-
961 4994 1065 5062 gerent.
1084 4985 1137 5053 Qut
1152 4985 1235 5043 etiam
1249 4986 1370 5044 cinerem
1385 5001 1467 5058 super
1481 4985 1571 5059 capita
1585 4999 1635 5041 sua
1653 4983 1759 5084 misisse

85 5087 177 5146 ctus,
189 5093 259 5150 quos
270 5077 342 5134 Dens
356 5073 517 5132 bominibus
528 5085 555 5133 et
564 5073 731 5131 animalibus
738 5073 814 5130 dedit
825 5093 831 5144 ;
843 5074 903 5130 uui·
961 5076 1111 5144 dicuntur;
1137 5091 1199 5132 nam
1215 5091 1286 5148 saepe
1311 5091 1359 5148 per
1378 5084 1461 5150 capnt
1477 5091 1566 5146 mens,
1589 5090 1638 5147 per
1652 5087 1758 5170 cineres

86 5166 228 5226 ntaiibus
242 5165 277 5222 ad
291 5165 376 5222 vitam
391 5154 469 5221 suam
486 5163 677 5221 tantummodo
690 5162 832 5231 tuendam,
850 5162 906 5219 bc-
960 5171 1071 5239 peccata
1093 5163 1283 5238 designantur.
1303 5163 1431 5222 Cinerem
1452 5164 1544 5237 itaque
1567 5178 1648 5236 super
1670 5165 1759 5232 capita

84 5257 232 5315 minibus
244 5264 336 5314 autern
352 5257 428 5314 etad
446 5253 533 5313 vitam
547 5253 688 5323 tuendam,
704 5262 731 5311 et
747 5261 778 5310 ut
798 5269 847 5326 per
859 5270 906 5311 eos
960 5270 1009 5312 sua
1023 5263 1145 5329 ponent;
1170 5255 1235 5330 quia
1249 5254 1381 5312 memoria
1395 5265 1567 5329 peccatorum
1582 5267 1599 5308 a
1617 5249 1757 5309 mentibus

84 5347 315 5408 retioaninmm
331 5363 392 5421 quae
407 5344 450 5404 ilii
472 5345 621 5405 commisse
645 5349 686 5402 est
704 5359 753 5418 per
764 5343 840 5402 viam
857 5359 906 5403 re-
959 5359 1054 5404 eorum
1069 5359 1211 5419 nunquam
1224 5341 1343 5403 recedet.

85 5567 205 5704 lagi)
227 5567 330 5703 (tionum
344 5566 424 5637 edit,
442 5567 520 5641 quta
547 5566 620 5640 uoce
641 5564 791 5641 meipsum
817 5565 905 5630 codex
936 5579 1018 5642 qum,
1040 5565 1087 5640 qvi
1109 5567 1139 5626 in
1159 5567 1245 5626 iocum
1264 5565 1411 5640 coemunt:
1437 5563 1498 5636 sag.
1524 5568 1552 5620 et
1566 5561 1644 5635 lieu,
1664 5557 1758 5634 quiin

167 5655 233 5716 m,e
264 5683 270 5702 .
