4102 6186
130 373 182 432 ιιι
471 341 473 347 '
621 365 802 428 ιοιιιιιιιτ.
822 361 861 422 nt
877 361 987 422 mrsu.
1007 364 1019 420 1
1036 363 1085 420 no
1103 363 1270 423 rnessnn.
1729 365 1786 425 aro

130 497 203 556 sicut
225 495 332 570 probati
356 509 454 552 sumus
479 509 495 550 a
519 493 594 562 Deo;
616 502 648 552 ut
669 493 827 552 crederetur
845 489 966 552 nohisA
983 487 1180 545 laboraverunt
1194 491 1394 551 maurusium·
1413 495 1492 554 Unde
1505 503 1533 553 et
1547 495 1577 552 io
1590 492 1645 550 alit
1663 493 1783 566 epistola

130 583 336 659 Euangelium,
365 583 403 639 ita
431 581 596 658 loquimur,
624 600 680 641 non
710 591 741 639 ut
768 581 929 638 hominihus
983 578 1074 636 dicit:
1097 580 1173 648 «Qui
1201 597 1255 637 non
1274 583 1389 654 laborat,
1411 584 1659 644 neemanducet.·
1680 582 1782 640 Ethoc

129 674 277 745 placentes,
292 672 341 729 sed
357 673 424 741 Deo,
442 672 489 745 qui
508 671 604 745 prohat
619 672 703 730 cords
718 679 821 728 nostra.
838 696 848 718 ι
872 671 930 728 Hoc
984 675 1081 727 contra
1099 670 1354 743 pseudoapostolos,
1369 683 1399 731 ut
1414 677 1460 748 qui
1475 675 1557 734 otiosi
1573 675 1780 742 manducarent,

128 769 240 837 propter
254 760 496 836 pseudoapostolos
510 761 588 822 dicit.
610 763 657 836 qni
681 763 709 818 in
724 761 789 818 dolo
804 769 832 817 et
846 760 931 818 iniia-
983 758 1125 830 praedicat,
1136 775 1180 815 res
1200 775 1228 814 se
1253 759 1393 833 lingebant
1413 780 1479 822 esse.
1497 765 1532 823 Ui
1545 779 1610 837 ergo
1623 763 1782 835 exemplum

128 853 171 910 cia
198 849 386 926 praedit-ebant
413 866 469 908 non
502 850 604 919 missi,
637 860 669 907 ut
695 850 931 908 circumtenireni
984 847 1074 916 daret,
1098 849 1331 922 quemadmodum
1352 853 1528 925 gubernanda
1548 857 1585 911 sit
1610 853 1669 910 rita
1696 851 1781 912 Chri-

127 949 223 1014 gentes
249 939 283 997 ad
311 940 488 998 serviendum
516 939 568 1012 legi
586 939 732 996 lectorum.
760 939 813 996 iste
838 948 928 995 auteur
984 937 1084 1005 silens,
1105 947 1132 994 ei
1159 937 1269 995 uererer
1292 941 1429 1013 proderet,
1460 943 1545 999 iahori
1572 942 1715 1000 insistebat
1726 940 1784 999 hu-

127 1031 248 1088 electum
275 1046 304 1088 se
327 1038 355 1088 et
383 1031 498 1087 missum
530 1029 679 1104 predicare
714 1030 808 1086 multis
834 1029 930 1102 probat
985 1041 1077 1093 mano,
1108 1026 1246 1086 offuscans
1271 1032 1547 1105 pseudoapostolos:
1573 1040 1701 1104 preterea
1719 1031 1784 1105 quic

127 1119 224 1188 rebus,
245 1119 309 1194 quia
332 1127 360 1177 et
381 1119 409 1176 in
425 1119 560 1193 pressuris
578 1119 677 1176 fortior
695 1119 885 1188 invenissest,
901 1126 929 1175 et
984 1115 1032 1192 qui
1050 1115 1134 1174 labori
1160 1117 1304 1186 insistunt,
1327 1137 1344 1177 a
1371 1123 1451 1178 malis
1473 1121 1688 1194 cogitationibus
1702 1120 1785 1180 decli·

128 1208 929 1284 inconversationeirreprehensibilis:utnihilessetin
984 1215 1062 1275 nent,
1074 1216 1240 1280 occupantes
1268 1211 1392 1268 animum
1418 1227 1519 1282 suum,
1554 1220 1582 1271 et
1608 1227 1624 1268 a
1655 1210 1785 1286 periculis

127 1299 193 1369 hoo,
217 1298 291 1375 quod
316 1301 408 1358 minus
432 1302 489 1358 ileo
513 1301 654 1358 videretur
681 1299 808 1371 dignum,
831 1313 930 1371 prose-
984 1295 1171 1368 prohibentes.

128 1390 279 1464 quentibus
292 1389 387 1462 signis.
406 1389 523 1459 Quidam
534 1389 608 1446 enim
623 1397 744 1463 quastus
756 1405 838 1446 causa
851 1388 927 1447 Chri·
1022 1387 1114 1460 (Vere.
1132 1390 1176 1459 iil,
1192 1389 1235 1457 li,
1253 1389 1311 1463 it.)
1334 1413 1343 1437 ι
1361 1389 1578 1449 Praedicarimus
1597 1389 1678 1448 robis
1686 1391 1785 1448 Evan-

127 1485 203 1534 stum
231 1477 441 1550 predicabant,
469 1477 558 1534 favori
592 1478 736 1534 hominum
766 1479 927 1548 sortientes,
985 1476 1086 1549 pelium
1102 1476 1162 1545 liei,
1178 1495 1228 1535 vos
1242 1485 1325 1537 testes
1338 1480 1413 1549 estis,
1429 1488 1456 1536 et
1480 1483 1563 1549 Deus,
1586 1497 1669 1556 quam
1690 1485 1785 1537 sancte

126 1566 193 1640 quia
207 1575 236 1624 et
252 1567 281 1624 io
297 1567 436 1641 arguendo
453 1568 623 1626 remissiores
637 1578 731 1636 erant;
745 1570 847 1644 quippo
865 1586 929 1628 cum
984 1575 1011 1626 et
1035 1567 1120 1641 juste,
1139 1577 1166 1624 et
1192 1569 1253 1625 sine
1281 1570 1391 1643 quercia
1420 1570 1565 1630 vobiscum
1584 1571 1633 1646 qui
1658 1569 1783 1640 creditis,

126 1669 179 1716 nco
202 1657 353 1715 auctoritas
378 1663 459 1727 esset,
488 1665 516 1715 ct
544 1659 574 1714 in
601 1657 783 1716 tribulatione
811 1658 927 1729 infirmi,
984 1655 1139 1715 conversati
1165 1673 1261 1714 sumus
1288 1659 1361 1716 sicui
1384 1660 1461 1718 scitis
1484 1678 1490 1717 :
1514 1668 1542 1718 et
1569 1659 1785 1735 quomodoerpa

126 1747 264 1822 quianon
285 1764 322 1806 ex
342 1747 435 1819 corde,
451 1747 500 1806 sad
520 1748 550 1804 in
566 1748 676 1806 hilaria
697 1756 755 1807 erat
767 1765 857 1807 sermo
878 1767 931 1807 eo·
984 1763 1209 1823 unumquemque
1232 1755 1366 1815 vestrum,
1382 1758 1413 1806 ut
1427 1757 1504 1822 pater
1518 1749 1592 1806 filios
1612 1763 1685 1817 suos,
1701 1745 1785 1805 ohse-

126 1851 202 1894 rum.
227 1836 325 1895 Omnis
346 1837 420 1894 enirn
442 1837 491 1912 qui
515 1837 622 1914 aliquid
642 1837 702 1896 sine
715 1854 762 1912 spe
789 1840 856 1912 agit,
871 1847 967 1918 ortap
985 1845 1092 1894 erentes
1108 1853 1168 1903 ros,
1183 1845 1211 1893 et
1222 1837 1407 1907 consolantes,
1423 1847 1450 1896 et
1462 1839 1629 1896 obtestantes
1642 1836 1741 1895 adhoc
1754 1843 1786 1894 ιιι

125 1929 312 1988 tribulatione
325 1929 491 1989 succumbit.
775 2000 779 2008 Ι
984 1927 1132 1984 ambuietis
1161 1927 1243 2000 digne
1270 1928 1336 1995 Deo,
1361 1927 1409 2000 qui
1429 1928 1541 1985 vocavit
1567 1943 1616 1984 vos
1646 1926 1676 1982 in
1703 1941 1784 1984 soum

167 2017 261 2088 (Vere,
276 2019 317 2092 5,)
341 2020 458 2096 «Neqm
480 2021 555 2078 enim
572 2037 693 2096 unquam
710 2021 739 2079 in
757 2022 843 2080 verbo
857 2023 931 2081 adu.
985 2033 1099 2090 regnum
1115 2024 1142 2074 et
1161 2017 1287 2089 gloriam.
1310 2017 1456 2075 Manifesta
1477 2024 1543 2076 sunt
1559 2017 1619 2075 hac
1636 2035 1643 2076 ε
1663 2033 1783 2076 commo·

127 2108 245 2166 lationis
262 2111 417 2168 conversati
440 2127 545 2180 sumus,
573 2112 645 2170 sicut
673 2113 760 2182 scitis,
785 2129 873 2190 neque
901 2116 930 2172 in
985 2113 1033 2164 liei
1047 2107 1120 2164 essim
1137 2107 1353 2181 i¹¹⁰sq1101110d0
1367 2107 1535 2165 crediderint
1559 2109 1782 2182 881)ΜίΜῦῑῆ

126 2197 303 2256 occasionem
328 2199 461 2258 avaritias.
482 2202 555 2259 oeus
577 2202 655 2260 iestis
681 2210 732 2260 est.
747 2229 757 2252 ι
775 2204 855 2262 Nunc
868 2219 930 2277 ape·
987 2200 1059 2259 279
1072 2203 1100 2252 ei
1113 2196 1223 2270 timim
1248 2211 1310 2253 ³³¹⁰
1331 2196 1435 2256 fuerim
1450 2197 1567 2270 0¹i’0liis
1582 2205 1610 2256 ⁰³
1629 2214 1691 2272 (1⁰⁸³
1709 2213 1783 2274 ΡΜ·

127 2288 165 2346 rit
180 2289 255 2364 quod
282 2305 365 2363 supra
390 2291 568 2365 significavit,
593 2309 655 2352 cum
685 2293 776 2353 dicit:
800 2295 884 2353 ‹iion
900 2296 930 2352 in
985 2301 1064 2367 cepta
1087 2291 1194 2350 dederit
1217 2291 1266 2362 eis,
1289 2301 1321 2349 ut
1346 2292 1424 2367 digni
1447 2294 1545 2352 flerent
1563 2293 1630 2365 Deo,
1648 2293 1697 2370 qui
1719 2293 1783 2352 ilios

127 2378 273 2437 occasione
285 2379 443 2452 avaritim,=
464 2383 550 2440 Deum
566 2383 633 2441 dans
647 2391 756 2451 testem,
769 2385 834 2460 quia
854 2384 929 2442 istud
983 2383 1095 2442 rocavit
1108 2382 1142 2441 de
1168 2382 1250 2440 terris
1273 2381 1308 2441 ad
1327 2384 1420 2455 coeios,
1437 2393 1468 2443 ut
1490 2385 1641 2444 exsuscitet
1654 2384 1779 2443 letitiam

126 2483 163 2526 ex
177 2468 262 2527 corde
275 2469 403 2541 iaciebat,
414 2487 470 2530 non
491 2472 521 2529 in
536 2472 688 2547 hypocrisi,
701 2476 779 2550 qnasi
798 2483 929 2534 contem-
984 2471 1108 2532 iliorum.

127 2575 319 2634 consponsa,
344 2569 375 2618 ut
404 2561 475 2620 luite
503 2565 583 2636 plura
607 2563 872 2624 offerrentur.Unde
903 2574 931 2623 et
1021 2562 1112 2634 (Vera.
1131 2561 1187 2632 id.)
1210 2562 1354 2636 «ideoque
1367 2571 1395 2620 et
1410 2579 1460 2620 nos
1478 2563 1579 2636 pretias
1598 2563 1705 2635 agimus
1725 2564 1783 2621 Dec

129 2650 356 2725 ipsoscouvcnii,
365 2653 520 2712 scientesac
528 2653 676 2727 probantes
685 2656 750 2729 quia
760 2657 829 2714 nulii
840 2657 930 2714 iuerat
985 2650 1045 2708 sine
1070 2649 1286 2718 intermissione,
1302 2651 1377 2723 quod
1399 2667 1463 2707 cum
1485 2651 1660 2722 accepissetis
1673 2667 1689 2708 a
1704 2651 1784 2709 nohis

128 2737 277 2810 adelmum
293 2740 397 2814 pseudo
420 2743 495 2800 enim
521 2744 637 2817 apostoli
665 2743 781 2806 lerinam
806 2746 930 2804 avaritia
985 2739 1100 2796 verbum
1116 2737 1229 2795 auditus
1251 2737 1311 2804 liei,
1328 2737 1487 2810 suscepistis
1512 2738 1582 2795 iilud
1598 2755 1653 2796 non
1675 2748 1707 2796 ut
1725 2755 1785 2797 ver·

128 2830 191 2889 dari
214 2829 268 2888 sihi
294 2832 436 2907 optabant,
452 2841 484 2891 ut
507 2835 566 2908 ipsa
589 2836 743 2906 occasione,
768 2837 834 2894 dum
851 2853 931 2895 veros
985 2827 1053 2884 bum
1068 2826 1224 2892 hominum·
1249 2825 1296 2883 wil
1319 2825 1391 2883 iiiiii
1415 2834 1456 2883 ³³1
1480 2842 1554 2895 rere,
1579 2827 1694 2884 verbum
1723 2829 1784 2898 Dii,

129 2921 271 2994 apostolor
297 2923 392 2979 omnia
419 2923 495 2980 iliata
522 2923 619 2981 videro
648 2925 788 2996 accipere,
820 2932 933 2998 possent
986 2916 1061 2991 quod
1084 2924 1111 2974 et
1133 2925 1262 2988 oneretur
1277 2916 1305 2974 in
1332 2916 1413 2975 vobis
1433 2917 1481 2992 qui
1503 2917 1699 2977 credidistis·
1728 2919 1785 2978 Dee

130 3009 185 3084 ipsi
215 3011 275 3068 tine
301 3011 409 3070 invidia
439 3012 623 3087 simpliciores
658 3013 784 3070 homines
823 3013 932 3086 depra-
986 3006 1087 3081 gratias
1112 3006 1246 3073 scierunt,
1274 3006 1322 3081 qui
1346 3007 1453 3081 aperuit
1480 3023 1590 3065 sensum
1616 3008 1729 3066 iliorum
1749 3009 1784 3068 ad

129 3097 202 3157 (lari,
529 3153 532 3160 ,
986 3097 1176 3169 recipiendum
1191 3097 1371 3170 Evangeliom
1381 3113 1473 3155 soum.
1483 3097 1578 3156 Gloria
1587 3099 1662 3156 enim
1679 3099 1785 3174 pradi-

169 3189 263 3261 (νθη,
278 3189 307 3256 s,
317 3189 358 3261 7,)
381 3190 464 3247 ιΝεο
476 3191 853 3263 querentesexhornirrihus
867 3195 968 3280 gio-0
985 3187 1109 3244 cantium
1137 3193 1187 3253 est,
1221 3185 1332 3260 quando
1362 3187 1505 3245 audientes
1537 3188 1617 3246 laeiie
1647 3189 1782 3259 credunt;

126 3277 213 3344 riam,
227 3291 318 3346 necue
336 3275 455 3346 avobis,
472 3293 560 3353 neque
575 3280 609 3336 ab
623 3279 695 3349 aliis,
710 3297 774 3339 cum
789 3299 930 3356 possemus
985 3284 1062 3335 tanta
1073 3275 1147 3332 enirn
1163 3275 1310 3333 devotione
1324 3285 1487 3351 receperunt
1505 3278 1674 3348 verbumst
1687 3279 1783 3354 proha·

128 3364 204 3437 apud
214 3365 415 3424 recordasse
431 3367 484 3440 (tt),
500 3375 532 3426 ut
544 3368 646 3428 christi
661 3372 808 3443 apostoli.»
826 3373 857 3430 in
871 3382 931 3430 ran·
982 3373 1046 3424 rent
1059 3381 1088 3423 se
1100 3365 1268 3422 intellexisse
1285 3365 1334 3422 Dei
1349 3381 1406 3422 esse
1421 3365 1586 3423 doctrinam.

129 3458 192 3508 tum
216 3461 311 3526 gravat
335 3455 628 3529 pseudoapostolorum
648 3473 769 3530 seusam,
788 3469 820 3520 ut
843 3464 929 3520 seab
1022 3465 1113 3538 (Vers.
1132 3461 1175 3532 tt,
1192 3464 1235 3532 ih,
1255 3463 1311 3536 io.)
1333 3462 1413 3521 «Vos
1433 3463 1519 3533 enim,
1540 3465 1648 3534 iratres,
1664 3463 1784 3526 imiisto·

128 3557 216 3600 nuere
230 3541 314 3615 dicat,
329 3560 393 3602 cum
411 3547 504 3604 irceret
519 3548 560 3605 iiii
575 3550 706 3624 obsequia
725 3553 873 3626 requirere,
896 3554 931 3612 ad
984 3571 1027 3613 res
1041 3557 1107 3614 iacti
1123 3555 1189 3612 estis
1209 3554 1396 3612 Ecclesiarum
1411 3555 1462 3612 Dei
1481 3571 1541 3630 qua
1555 3563 1620 3614 sunt
1635 3553 1664 3614 in
1678 3555 1783 3629 iudas,

127 3631 353 3705 comprimendos
376 3651 423 3692 eos
448 3635 550 3710 quihus
572 3653 624 3696 nec
651 3637 768 3698 facultas
795 3650 865 3710 erat,
879 3659 931 3702 neo
983 3645 1013 3703 in
1029 3645 1140 3704 Christo
1165 3645 1230 3702 iesu
1249 3663 1255 3701 :
1274 3643 1339 3719 quia
1359 3643 1452 3701 emam
1474 3644 1548 3718 passi
1568 3645 1634 3704 estis
1655 3653 1683 3703 et
1705 3661 1785 3705 voss

128 3720 230 3797 pudor,
244 3731 273 3780 et
287 3730 378 3782 tamen
396 3724 528 3784 honorem
546 3726 600 3785 sihi
616 3727 765 3800 poscebant
780 3748 787 3787 :
809 3745 837 3787 se
855 3732 929 3790 enim
984 3733 1188 3793 contribulibus
1202 3734 1302 3790 vestris
1313 3733 1366 3806 (6),
1382 3735 1455 3791 sieut
1470 3741 1497 3790 et
1511 3751 1561 3792 nos
1574 3733 1656 3808 ipsis
1669 3734 1782 3806 iudeis,

128 3810 320 3887 potiusquam
335 3815 386 3872 iiei
408 3814 563 3874 doctrinam
579 3817 773 3876 commendare
788 3821 929 3880 volebant.
983 3824 1032 3900 qui
1044 3823 1231 3881 etiiominum
1247 3823 1447 3880 interememnt
1459 3823 1563 3892 iesum,
1583 3831 1611 3880 et
1626 3823 1783 3898 prophetas,

128 3901 161 3974 t,
171 3904 280 3961 ostoius
293 3911 397 3973 autem,
411 3906 460 3982 qui
484 3907 599 3981 gloriam
616 3923 674 3964 non
688 3909 722 3966 ad
739 3912 930 3982 praesciisset
984 3924 1012 3972 et
1022 3931 1073 3972 nos
1092 3915 1226 3988 persecuti
1241 3923 1316 3985 sunt,
1331 3924 1358 3972 et
1372 3916 1429 3972 ileo
1444 3931 1499 3972 non
1515 3917 1632 3988 placent,
1655 3925 1682 3972 ct
1696 3914 1784 3972 omni·

129 3991 158 4050 io
181 3993 279 4051 loturo
298 3995 464 4069 requirebat,
479 4011 508 4054 so
526 3995 660 4054 humilem
684 3998 813 4066 iaciebat,
828 4009 859 4055 ut
880 4001 931 4058 Dei
983 4005 1037 4062 hus
1052 4004 1215 4061 hominihus
1240 4003 1430 4073 adversantur,
1453 4005 1633 4078 prohibentes
1647 4019 1699 4059 nos
1721 4017 1785 4074 gen·

129 4082 291 4154 eradicatio
304 4086 482 4144 excitaretur.
983 4091 1060 4148 tibus
1081 4091 1169 4166 loqui,
1196 4099 1228 4149 ut
1253 4094 1412 4163 salventur,
1440 4093 1475 4149 sd
1500 4092 1554 4148 hoc
1580 4099 1612 4147 ui
1640 4089 1786 4160 suppleant

164 4180 261 4254 (Vere.
287 4181 329 4256 8.)
363 4207 372 4231 ι
398 4182 455 4241 Sed
488 4183 595 4244 luimus
631 4187 740 4260 parvuli
775 4186 805 4246 in
840 4189 931 4247 medio
985 4189 1276 4255 peccatasuasemper
1293 4177 1623 4253 :adpervenitiraiiei
1643 4189 1786 4249 superaus

129 4280 266 4341 vestrum,
283 4281 414 4348 ianqusm
433 4274 458 4332 si
485 4275 582 4332 nutrix
597 4275 688 4334 loveat
707 4276 781 4334 iiiios
794 4295 877 4347 suos;
893 4279 932 4336 its
984 4289 1071 4348 nsque
1090 4273 1119 4330 io
1144 4273 1237 4330 linem.
1255 4299 1265 4322 ·
1285 4275 1325 4330 De
1349 4271 1490 4342 impietate
1513 4275 1596 4341 atque
1623 4265 1786 4326 credulitate

129 4359 319 4420 desiderantes
344 4377 419 4431 ros,
446 4363 574 4435 cupimus
602 4364 739 4438 impartiri
767 4369 848 4424 vohis
874 4385 931 4426 non
984 4364 1110 4436 queritur
1133 4360 1319 4419 diffidentium
1345 4357 1513 4428 iudaeorum,
1543 4357 1590 4431 qui
1616 4372 1672 4414 non
1695 4355 1785 4415 solum

130 4451 223 4508 scium
238 4451 420 4526 Esanpeiium
444 4452 568 4522 Dei,scd
589 4453 672 4512 otiam
693 4456 930 4523 animasnostras,
985 4469 1040 4508 suaa
1068 4451 1166 4510 salutis
1196 4448 1302 4506 inimici
1331 4455 1406 4516 sunt,
1422 4463 1518 4504 verum
1548 4447 1629 4505 stiam
1655 4449 1784 4518 aliorum,

130 4542 197 4615 qnia
213 4540 368 4599 charissimi
383 4542 464 4601 nobis
478 4568 488 4591 »
509 4543 575 4601 lacti
588 4544 664 4602 estis.
673 4543 790 4601 Tantum
802 4546 930 4603 aiiectum
944 4581 969 4642 D
986 4541 1166 4614 prohibentes
1176 4555 1210 4596 ne
1224 4538 1346 4603 credant,
1362 4545 1388 4595 ct
1401 4537 1470 4595 salvi
1486 4539 1562 4607 dant,
1575 4537 1608 4594 ah
1621 4537 1704 4595 initio
1718 4552 1786 4611 par-

131 4629 234 4692 haherc
249 4649 278 4690 se
291 4633 365 4692 circa
376 4633 440 4692 iilos
449 4634 570 4692 ostendit
585 4638 690 4710 (quern,
705 4636 771 4710 quia
785 4652 866 4693 rarus
880 4646 930 4707 err,
986 4629 1100 4696 ricidae;
1121 4631 1166 4686 vei
1180 4628 1299 4686 Domino
1315 4626 1390 4684 enim
1405 4625 1546 4685 communi
1562 4642 1672 4700 parcere
1686 4625 1788 4684 dehue-

131 4739 186 4782 non
223 4723 317 4780 verbis
349 4725 435 4798 tnagis
462 4740 545 4799 quam
580 4727 663 4784 rebus
689 4726 836 4799 probatum
871 4727 933 4784 viris
987 4726 1060 4786 rant,
1076 4719 1124 4790 qui
1144 4717 1285 4774 conservis
1296 4725 1323 4774 st
1344 4716 1499 4791 praepositis
1511 4716 1569 4772 suis
1584 4731 1639 4772 non
1653 4731 1786 4790 peperce-

132 4812 222 4872 rideri
236 4830 243 4868 :
258 4819 348 4886 potest
358 4813 432 4871 enim
448 4814 477 4872 io
492 4815 585 4871 verbis
599 4816 684 4874 latere
700 4816 833 4890 fallacia),
849 4816 934 4874 uthis
988 4814 1055 4864 runi
1072 4825 1077 4863 1
1095 4815 1126 4862 ui
1153 4809 1309 4880 repleantur
1324 4814 1432 4879 tiociis
1446 4820 1553 4874 mrum,
1573 4806 1601 4863 in
1616 4813 1736 4873 tillium,
1753 4819 1787 4860 ¹¹0

132 4901 375 4960 exhortationihus
388 4905 529 4976 provocati
553 4921 664 4962 omnem
681 4922 792 4964 sensum
807 4923 888 4964 suum
904 4905 934 4962 in
987 4896 1137 4970 aliquando
1158 4895 1374 4953 misericordiam
1393 4896 1523 4968 consequi
1540 4903 1706 4952 mereantur.
1721 4894 1786 4952 ideo

133 4991 283 5050 dilectione
297 4993 430 5051 haherent
444 5001 531 5064 apost.
988 4987 1245 5045 Thessalonicenses
1259 5002 1275 5042 a
1289 4984 1397 5042 civibus
1412 4983 1470 5041 suis
1484 4984 1578 5042 cadem
1602 4999 1695 5057 passos
1718 4982 1787 5039 dicit

169 5081 264 5156 (Vere,
286 5083 328 5157 9,)
351 5082 548 5140 «Meministis
573 5083 659 5153 enirn,
675 5084 783 5153 fraires,
811 5087 934 5144 laborem
987 5080 1111 5137 imitatos
1136 5077 1298 5152 patientiam
1321 5067 1491 5146 sanctorum,
1513 5085 1541 5134 ct
1563 5075 1675 5132 Dnurini
1698 5071 1785 5133 nostri

134 5182 261 5232 nostrum
274 5181 302 5232 et
319 5173 520 5248 irrigationem,
535 5181 616 5230 nocte
632 5190 664 5232 ac
678 5173 723 5232 die
742 5183 886 5249 operantes
899 5175 933 5234 ad
987 5171 1051 5228 iesu
1066 5169 1169 5227 Christi
1187 5187 1193 5224 :
1209 5166 1289 5239 cujus
1298 5167 1409 5224 sceleris
1422 5172 1546 5223 auctores
1560 5164 1670 5221 inlusit
1678 5162 1787 5221 tudam

135 5262 199 5334 hoe,
215 5280 250 5323 ne
266 5273 480 5341 quemvestrum
492 5281 701 5336 gravaremus..
723 5268 934 5345 Hocest,quod
987 5268 1019 5317 ut
1038 5268 1065 5316 ei
1086 5266 1189 5334 quanta
1211 5255 1298 5329 gioria
1321 5255 1397 5330 digni
1426 5257 1493 5324 sint,
1522 5254 1570 5328 qui
1598 5269 1648 5325 pro
1674 5248 1786 5308 nomine

136 5353 206 5414 dicit
226 5353 257 5412 in
280 5355 358 5413 Actis
372 5355 558 5429 apostolorum
576 5373 584 5412 ς
605 5379 614 5402 ι
630 5355 740 5426 omnia,
756 5359 857 5433 inquit,
873 5375 934 5434 qua
987 5350 1099 5407 Domini
1116 5349 1268 5422 patiuntur,
1284 5354 1313 5403 et
1336 5362 1397 5420 quae
1423 5345 1495 5403 ultio
1516 5341 1624 5401 inlestis
1648 5347 1675 5396 et
1693 5334 1787 5393 infidis

138 5443 208 5504 mihi
233 5453 262 5503 et
289 5441 325 5503 iis
350 5445 399 5521 qui
425 5455 490 5503 sunt
517 5461 626 5504 mecum
645 5445 758 5505 inerunt
772 5449 933 5519 necessaris,
988 5446 1140 5515 tiraeptraie
1153 5437 1201 5507 eil.
1216 5437 1402 5509 dissimilii·

175 5649 217 5734 (d)
231 5649 294 5708 ver.
310 5645 388 5716 edic,
404 5643 500 5729 honori
513 5662 581 5713 esrc;
596 5645 734 5732 liom.,·in
747 5648 844 5705 honam
861 5664 935 5713 esse;
1024 5641 1066 5716 (6)
1082 5641 1160 5700 Rom.
1177 5638 1256 5709 edit,
1272 5644 1295 5697 ei
1308 5655 1353 5697 eor
1372 5656 1390 5696 u
1412 5631 1563 5688 concivibus
1583 5627 1684 5689 vernis.

141 5722 240 5781 melius
250 5735 317 5779 mss.
333 5733 366 5778 sc
379 5717 446 5778 (iili.
461 5731 492 5774 m
506 5733 605 5792 marp,
621 5735 695 5776 orm
706 5733 769 5776 esse.
