4122 6192
181 298 231 358 111
725 299 908 360 cottltltttt.
928 302 965 361 ΙΝ
982 303 1093 364 EPlST.
1113 305 1162 366 tn
1181 307 1266 368 11011.
1767 313 1824 376 ffl

180 435 244 484 tem.
258 420 407 482 Prudentia
420 422 497 480 enim
514 421 556 496 (3)
568 421 632 480 ideo
642 422 757 494 dieitur,
773 426 1016 496 eumresstnltaA
1031 431 1085 506 legi
1108 443 1270 507 repugnent.
1294 435 1438 512 Quidquid
1461 437 1536 501 euim
1558 446 1656 496 eentm
1669 437 1756 511 mem
1770 439 1825 498 llei

179 513 223 582 sit,
237 512 300 587 quia
321 511 503 570 sacularibus
523 511 815 571 hominihuserrores
828 531 863 571 ex
877 513 973 576 visibi·
1028 529 1079 590 est,
1107 523 1216 580 earnale
1230 532 1281 594 est,
1304 527 1370 600 quie
1383 543 1419 586 eu
1438 527 1544 588 mundo
1566 535 1625 597 est;
1653 518 1729 590 'totus
1745 527 1822 587 anim

179 602 250 660 lilius
263 603 389 676 oonoepti
398 601 497 660 sivein
506 618 590 660 sensu
599 602 695 659 sivein
709 610 876 662 aotueontra
886 604 973 677 legem
1028 610 1148 672 mundus
1173 628 1237 670 earo
1259 621 1300 671 est
1325 616 1387 688 (8);
1407 631 1489 674 omne
1510 617 1585 676 enim
1606 616 1718 676 visibile
1745 616 1824 675 muni

178 689 829 766 llei,prndeutiavidentur:maximequiaomnis
838 691 974 750 industria
1028 698 1192 771 deputatur;
1222 711 1337 776 oognata
1365 705 1439 762 enim
1466 713 1532 764 suut
1561 706 1661 776 menis,
1689 705 1747 764 imo
1762 706 1824 764 ele-

180 790 207 838 et
227 779 327 840 astutia
353 780 467 838 illorum
491 779 521 836 in
540 795 573 838 eo
591 785 643 850 est,
669 787 701 836 ut
726 789 850 854 peccent.
874 781 974 855 Sapere
1028 797 1120 848 menta
1133 792 1234 848 omnis.
1253 792 1374 867 Ideoque
1389 795 1437 868 qui
1456 795 1605 854 mundanis
1621 794 1702 853 rehrts
1716 794 1823 852 ohtam·

179 872 253 930 enim
265 870 316 928 sihi
324 870 465 939 sidentur,
481 870 505 928 si
517 870 592 930 istud
604 869 767 943 diligentius
779 879 876 930 eurem
887 891 894 941 ;
907 888 971 930 oum
1027 886 1112 948 perat,
1127 879 1156 935 in
1169 895 1250 937 earne
1263 891 1314 940 est.

162 959 248 1018 -nihil
261 959 372 1018 stultius
386 959 435 1030 sit,
447 977 529 1034 qnam
542 975 663 1034 peceare.
678 961 728 1016 Est
743 967 771 1018 et
785 961 839 1018 alia
853 959 972 1033 pmden·
1069 967 1255 1026 «vosautem
1269 986 1325 1026 non
1340 971 1405 1030 estis
1419 971 1450 1027 in
1471 987 1562 1039 earne,
1578 971 1626 1030 sed
1641 972 1671 1028 in
1685 972 1816 1046 spiritu..

178 1049 324 1118 tiamrnis,
340 1065 403 1122 quae
427 1049 574 1107 mundanis
587 1049 746 1106 rationibus
770 1048 877 1118 indata,
890 1058 972 1122 negat
1026 1053 1057 1108 ln
1071 1069 1152 1110 earne
1166 1057 1249 1127 positi
1260 1057 1391 1116 dionntur
1402 1075 1523 1118 nouesse
1537 1061 1566 1116 in
1580 1076 1674 1130 earne,
1690 1061 1714 1117 si
1728 1077 1824 1120 assem

177 1137 281 1212 aliquid
293 1137 364 1206 heri,
379 1145 411 1194 nt
423 1136 519 1196 mundi
537 1143 628 1196 careat
643 1137 758 1196 radone.
772 1137 849 1194 Unde
864 1135 971 1196 deridet
1026 1141 1126 1202 tientes
1152 1144 1252 1200 loanni
1279 1147 1413 1218 apostolo,
1439 1147 1580 1205 mundana
1606 1164 1664 1204 non
1684 1147 1821 1221 diligant;

182 1225 301 1300 Virginis
316 1235 433 1300 partum,
448 1226 539 1284 earnis
553 1227 792 1286 msurreotionem.
1025 1231 1162 1290 sententia
1175 1232 1250 1290 enim
1265 1232 1387 1292 hominis
1401 1249 1479 1294 suam
1493 1235 1571 1309 quusi
1589 1233 1670 1307 fingit
1683 1243 1821 1306 naturam,

222 1339 231 1364 ι
244 1314 389 1373 Prudentia
416 1323 509 1374 autem
534 1316 650 1389 spiritus
674 1316 731 1374 vita
746 1323 773 1374 et
787 1333 852 1389 pax.
868 1340 878 1365 ›
900 1315 972 1374 Vere
1026 1326 1057 1374 ut
1076 1318 1129 1377 hoe
1143 1321 1295 1393 appelletur
1309 1323 1383 1395 quod
1397 1323 1491 1382 emtit,

177 1404 236 1464 hae
255 1412 295 1464 est
315 1407 460 1479 sapientia,
489 1407 650 1481 quesitam
678 1407 797 1481 adquirit
811 1416 838 1464 et
851 1423 946 1481 paoem
962 1425 969 1476 ;
1069 1431 1078 1455 ‹
1092 1407 1122 1464 Si
1144 1417 1236 1468 minan
1259 1411 1379 1484 Spiritus
1391 1413 1442 1470 Dei
1456 1411 1564 1470 habitat
1581 1411 1613 1470 in
1630 1410 1743 1469 vohis.»
1764 1413 1823 1472 llos

175 1495 376 1568 sequensem'm
404 1495 554 1570 spiritalia,
569 1498 736 1571 contemptis
751 1497 890 1561 illecebris
904 1497 971 1554 vitm
1026 1494 1088 1553 ideo
1115 1498 1242 1572 ambigue
1270 1500 1349 1570 dicit,
1364 1502 1430 1575 quia
1461 1501 1491 1560 in
1506 1501 1595 1574 legem
1624 1499 1744 1569 induem,
1767 1516 1823 1558 non

176 1583 323 1654 presentis,
338 1591 470 1642 sternam
487 1583 600 1643 habebit
610 1583 697 1642 vitam
707 1601 771 1644 eum
785 1601 861 1659 paee,
877 1585 970 1655 idest,
1025 1582 1117 1641 adhue
1131 1586 1258 1658 perlecta
1273 1596 1351 1644 erant
1367 1588 1448 1646 fidei:
1465 1588 1512 1646 sed
1527 1603 1604 1661 spem
1619 1586 1649 1646 in
1663 1588 1703 1646 eie
1712 1587 1825 1652 videbat

173 1676 229 1736 sine
253 1676 460 1752 inquietudine,
489 1677 539 1736 uhi
563 1677 738 1752 perturbatio
759 1687 787 1737 et
819 1696 901 1754 poena
914 1696 971 1738 non
1024 1674 1211 1746 perfeetionis.
1226 1676 1304 1734 Unde
1322 1679 1471 1753 aliquando
1486 1677 1564 1752 quasi
1583 1675 1712 1750 portantis
1726 1675 1824 1750 toqui.-

170 1774 213 1836 ast
225 1767 276 1840 (1).
983 1795 1008 1856 Β
1025 1766 1238 1840 tur,aliqnando
1252 1768 1330 1843 quasi
1340 1767 1521 1842 perfecturis,
1538 1767 1592 1826 hoo
1605 1775 1655 1836 ost,
1672 1765 1823 1840 aliquando

209 1855 299 1928 (Vera.
329 1857 369 1928 7.)
391 1881 401 1906 ι
423 1855 562 1925 Quoniam
588 1855 724 1932 sapientia
744 1857 836 1917 earnis
856 1857 971 1918 iuimiea
1024 1854 1128 1924 laudat,
1143 1855 1546 1930 aliquandoeommouet,utsi
1574 1855 1727 1916 seeundum
1740 1872 1824 1930 supra

176 1947 298 2013 setlleo;
323 1945 375 2018 tegi
390 1945 465 2004 enim
488 1945 540 2004 Dei
554 1963 611 2004 non
625 1955 667 2004 est
681 1947 814 2021 subjecte,
831 1963 882 2006 neo
895 1948 970 2006 enim
1024 1953 1176 2002 memorata
1190 1957 1335 2004 versentur
1350 1947 1431 2019 juxta
1445 1947 1532 2020 legem
1546 1952 1661 2014 uaturae,
1677 1944 1707 2002 in
1723 1945 1824 2018 spiritu

176 2039 290 2105 potest·
324 2034 384 2092 Non
399 2050 510 2092 earnem
536 2034 610 2094 dixit
624 2035 780 2107 inimicam,
802 2037 969 2112 sedsapien·
1026 2037 1066 2109 (9)
1081 2037 1300 2096 essedioantur:
1318 2039 1383 2112 quia
1397 2038 1516 2112 Spiritus
1531 2037 1583 2096 Dei
1602 2036 1633 2096 in
1647 2036 1821 2097 eohshitsro

175 2123 237 2180 tiam
265 2123 377 2191 oamis;
404 2122 434 2180 id
463 2132 515 2190 est,
544 2140 602 2180 non
625 2125 819 2195 substantiam,
849 2125 896 2184 sed
922 2134 970 2184 aut
1023 2141 1081 2183 uon
1095 2135 1184 2202 potest
1198 2129 1246 2201 qui
1258 2128 1380 2188 earnalia
1393 2128 1530 2202 sequitur.

172 2210 253 2268 roaloe
266 2217 358 2280 totus,
373 2217 423 2270 aut
432 2211 639 2283 cogitationem,
655 2213 713 2269 siue
728 2213 968 2284 asseverationem,
1067 2240 1077 2265 ι
1092 2217 1121 2274 Si
1136 2220 1199 2290 quis
1205 2224 1298 2274 autem
1312 2217 1447 2290 Spiritum
1462 2216 1568 2276 Christi
1581 2233 1638 2274 uon
1659 2216 1751 2286 hahet,
1776 2216 1823 2275 hio

171 2315 227 2372 qna
253 2299 381 2358 mseitur
395 2299 430 2357 de
458 2317 559 2358 errore.
575 2301 716 2374 Sapientia
729 2319 793 2376 erqo
808 2304 899 2362 earnis
924 2311 967 2362 est
1023 2319 1080 2360 non
1094 2310 1136 2362 est
1149 2305 1218 2378 ejus.
1239 2331 1248 2354 ·
1269 2305 1356 2375 Quem
1371 2305 1499 2380 superius
1519 2304 1655 2379 Spiritum
1668 2305 1718 2364 Dei
1733 2305 1818 2376 dixit,

172 2389 256 2460 primo
269 2388 303 2446 in
318 2388 380 2446 looo
387 2390 568 2458 astrorumah
579 2389 741 2448 hominihus
755 2393 969 2468 inventadispu-
1023 2407 1099 2450 nuno
1124 2393 1258 2466 Spiritum
1287 2393 1356 2454 dioit
1370 2394 1485 2464 Christi,
1514 2404 1660 2468 propterea
1673 2395 1740 2468 quia
1760 2395 1820 2468 (11))

172 2477 235 2536 tatio
249 2479 294 2562 (5)
311 2477 414 2536 deinde
425 2478 579 2536 visibilium
602 2479 760 2538 ohleetetio.
777 2483 842 2540 llao
857 2484 971 2544 iuimiua
1023 2481 1118 2539 omnia
1139 2483 1236 2552 Patris,
1253 2484 1318 2543 Filii
1346 2494 1423 2544 sunt.
1443 2486 1501 2542 lieo
1514 2500 1580 2558 ergo
1593 2484 1673 2553 dioit,
1693 2483 1759 2559 quia
1773 2484 1822 2558 qui

172 2567 225 2626 oso
237 2575 306 2626 sunt
320 2586 327 2634 ;
343 2567 409 2642 quia
418 2569 617 2626 elementorum
628 2567 791 2640 Dominum,
805 2579 832 2628 et
842 2573 969 2644 opihoem
1023 2571 1190 2643 supradietis
1217 2575 1358 2632 erroribus
1384 2574 1525 2647 subjectus
1552 2582 1603 2641 est,
1619 2573 1654 2630 ad
1677 2571 1820 2632 Christum

169 2657 263 2716 mundi
290 2657 339 2714 his
354 2664 508 2732 coaequam,
524 2674 584 2732 qum
611 2658 686 2728 feeit,
715 2667 868 2720 astruentes
896 2662 968 2720 nihil
997 2699 1001 2708 -
1024 2675 1080 2716 non
1094 2661 1213 2733 pertinet
1222 2679 1230 2731 ;
1250 2661 1384 2734 Spiritum
1399 2663 1473 2720 enim
1487 2663 1546 2734 ejus
1560 2661 1723 2734 nonhabet,
1737 2677 1820 2736 quem

169 2761 241 2818 posse
255 2747 434 2821 heripraeter
443 2763 525 2822 quem
539 2747 636 2806 mundi
644 2749 769 2806 eontinet
778 2750 859 2808 ratio.
870 2751 971 2820 Quam.
1023 2755 1054 2804 ut
1068 2748 1143 2806 tilius
1155 2751 1206 2806 Dei
1218 2757 1298 2818 esset,
1313 2758 1464 2822 aooeperat.
1492 2749 1604 2808 linabus
1619 2751 1694 2808 eninr
1708 2765 1744 2806 aa
1757 2766 1820 2806 oau-

168 2833 258 2894 ohrem
289 2844 394 2910 negant
423 2838 512 2895 Deum
530 2837 638 2906 lesisse,
670 2845 702 2894 ut
735 2838 819 2912 Virgo
852 2849 968 2913 pareret,
1023 2836 1061 2894 sis
1088 2837 1190 2895 deserit
1217 2837 1359 2896 hominem
1386 2838 1507 2911 Spiritus
1533 2847 1644 2898 sanetus
1656 2856 1664 2907 ;
1694 2853 1758 2895 oum
1772 2846 1820 2895 aut

171 2933 217 2984 aut
230 2935 409 2984 mortuorum
436 2933 747 2999 oorporaresurgerent,
771 2927 836 3001 quia
850 2930 968 2986 stultum
1023 2942 1133 2998 sensum
1146 2927 1236 2984 earnis
1252 2926 1346 2997 hahet,
1361 2937 1410 2986 aut
1422 2937 1506 3001 gesta.
1516 2928 1611 3002 ltaque
1624 2942 1673 3000 per
1684 2925 1745 2984 haeo
1754 2942 1818 3000 quu

169 3022 218 3084 est,
246 3015 393 3090 inquiunt,
423 3020 454 3072 ut
476 3016 550 3072 Deus
573 3013 669 3072 feeerit
693 3014 766 3072 ultra
791 3032 873 3090 quam
898 3019 970 3092 sapit
1024 3025 1117 3074 monet
1141 3015 1212 3089 (11),
1236 3016 1272 3074 ad
1290 3015 1392 3074 honam
1406 3017 1645 3074 eonversationem
1670 3015 1815 3074 hortatur:

169 3103 252 3164 homo
266 3106 325 3178 (6).
336 3104 359 3162 0
369 3104 518 3180 prudentes
527 3103 637 3170 mnndi,
650 3104 805 3178 quiputaut
814 3109 903 3166 Deum
914 3125 971 3166 non
1023 3104 1150 3178 quamvis
1163 3104 1238 3162 euim
1253 3105 1377 3163 bonitate
1389 3105 1440 3164 llei
1454 3104 1594 3177 erigantpr
1607 3102 1744 3171 homines,
1754 3118 1817 3160 one-

172 3193 269 3252 debere
304 3194 385 3252 aliter
416 3195 506 3252 faeere
538 3208 620 3267 quam
646 3192 714 3251 lacit
744 3194 778 3251 ab
793 3211 826 3254 οο
857 3196 969 3254 eonditu
985 3156 1007 3217 C
1022 3201 1119 3251 rantur
1146 3194 1303 3252 tamen'fitii
1318 3195 1368 3252 Dei
1391 3193 1495 3263 vocati,
1510 3193 1565 3250 nisi
1584 3192 1625 3252 sio
1638 3189 1771 3262 vixerint,
1784 3207 1818 3250 ne

171 3294 321 3346 ereatura:
340 3296 371 3345 nt
396 3287 455 3363 ipse
478 3288 579 3346 similis
601 3289 737 3348 creaturis
761 3293 897 3364 putaturi
922 3292 968 3350 Sia
991 3345 994 3350 ,
1022 3281 1580 3356 111ᾱὶ3111001ωοοοωίυθνίᾱοοῐιῑοῐ.

168 3377 260 3434 casati
279 3387 357 3447 sunt,
372 3395 409 3436 ne
435 3377 548 3436 videant
560 3377 676 3452 qualem·
693 3379 896 3437 oontnmeliam
911 3383 968 3439 Deo
1060 3372 1151 3444 (Vere.
1163 3373 1220 3446 10.)
1244 3398 1253 3421 ·
1267 3374 1373 3446 Corpus
1383 3372 1494 3446 quidem
1503 3379 1643 3430 munuum
1653 3377 1695 3428 ost
1707 3378 1818 3444 propter

166 3463 282 3524 laoiunt.
298 3464 376 3540 Opus
389 3467 463 3524 enim
474 3467 549 3541 quod
561 3467 591 3524 in
603 3465 714 3524 laudem
723 3483 802 3524 suam
818 3467 967 3542 praedioan·
1021 3471 1174 3535 peccalum,
1189 3465 1303 3536 spiritus
1326 3481 1391 3524 vera
1405 3466 1463 3524 vitu
1478 3467 1538 3538 (lh)
1553 3473 1665 3539 propter
1675 3461 1817 3537 justitiet·-

166 3551 227 3611 datn
258 3556 354 3616 lacere
383 3555 511 3630 dignatus
542 3563 594 3624 est,
627 3555 673 3614 isti
704 3556 902 3630 vituperantes,
920 3563 967 3622 72
1021 3551 1161 3610 tionem.»
1196 3553 1303 3614 Peoeati
1327 3571 1409 3612 eausa
1423 3570 1523 3628 eorpus
1549 3559 1691 3614 munuum
1721 3551 1817 3612 esseut

165 3655 355 3717 incredulam
381 3662 409 3711 et
430 3654 546 3712 stultum
560 3660 701 3722 asserum
717 3670 750 3712 ὃς
763 3670 812 3727 per
831 3655 884 3713 (ιω
917 3655 967 3712 Μ
1021 3656 1126 3712 eorum,
1142 3659 1211 3717 qnos
1221 3643 1451 3717 deseritSpiritus
1467 3651 1590 3713 moetus,
1607 3659 1658 3700 nee
1674 3640 1710 3698 ad
1719 3640 1816 3710 istum,

166 3747 216 3820 legi
230 3743 429 3818 subjecissem
443 3759 500 3801 non
514 3749 604 3816 potest
618 3742 789 3800 isutearnis
803 3743 965 3817 prudentis;
1021 3729 1284 3806 119815111111111)
1311 3735 1504 3792 1901880111)
1531 3731 1688 3806 1188101111
1714 3745 1818 3804 ltili·

164 3835 197 3892 ad
211 3834 358 3894 hoeenim
372 3831 495 3891 studium
509 3847 590 3890 suum
604 3840 756 3901 exaeuunt,
771 3839 803 3889 nt
819 3833 869 3890 Ilei
883 3835 966 3906 gestis
1020 3823 1081 3880 nire
1096 3822 1166 3894 (tt).
1195 3822 1315 3895 Spiritus
1341 3823 1417 3880 enim
1442 3823 1493 3882 Dei
1520 3822 1609 3880 uetuit
1622 3837 1753 3894 paeonem
1782 3817 1816 3876 od

164 3931 321 3999 repugnent
337 3923 390 3997 (7).
1017 3909 1245 3984 justificationem
1259 3913 1335 3970 enim
1349 3913 1440 3983 datur,
1455 3921 1485 3972 ut
1496 3911 1638 3986 adjutorio
1652 3927 1703 3968 suo
1715 3907 1815 3981 justiti·

197 4015 295 4090 (Vere.
311 4011 339 4082 e,
354 4010 396 4085 9.)
437 4009 514 4079 ιοιιῑ
544 4009 619 4070 enim
649 4011 679 4068 in
705 4025 788 4070 carne
817 4018 893 4083 sunt,
908 4013 966 4072 [too
993 3991 999 4005 '
1020 4009 1073 4060 oet.
1087 4004 1161 4074 Ergo
1175 4002 1241 4077 quis
1255 4017 1367 4076 peoeare
1381 4001 1479 4071 nescit,
1495 4000 1554 4057 vita
1579 4007 1639 4068 est;
1654 3999 1726 4056 mori
1740 3996 1814 4054 enim

162 4103 274 4177 placere
306 4117 364 4158 non
388 4107 539 4174 possum.»
560 4098 701 4173 Sapientes
725 4099 822 4160 muudi
843 4101 966 4160 incarne
1019 4107 1076 4148 lton
1091 4099 1190 4165 potest,
1217 4090 1344 4166 quiaper
1371 4098 1512 4164 peceatum
1527 4104 1617 4146 mors:
1642 4103 1674 4145 se
1688 4102 1737 4159 per
1763 4083 1816 4142 hoo

158 4200 243 4260 suut,
258 4190 325 4263 quia
351 4191 448 4248 muudi
461 4189 603 4264 sapientias
616 4191 741 4262 student,
755 4207 804 4265 por
819 4207 901 4266 quam
915 4192 966 4250 Dei
1020 4181 1074 4239 sihi
1090 4189 1215 4254 peooator
1231 4180 1320 4240 oherit
1346 4197 1403 4238 non
1429 4177 1558 4252 Spiritui,
1588 4191 1670 4249 quem
1698 4173 1813 4250 aeoepit.

199 4313 246 4388 (3)
268 4309 335 4368 Gill.
352 4311 382 4367 in
397 4310 482 4366 variis
496 4312 597 4367 laetat
610 4311 671 4368 eod.
686 4313 801 4386 aliquot,
818 4313 967 4372 Prudentia
1020 4311 1085 4383 qaia
1101 4317 1170 4367 totos
1183 4309 1298 4367 mundus
1310 4325 1374 4365 euro
1387 4312 1434 4364 est.

160 4386 235 4443 enim
251 4383 346 4440 comis
359 4397 434 4438 mors
460 4381 560 4437 ideireo
586 4387 632 4449 est,
658 4382 721 4452 quia
734 4401 813 4454 pratu
834 4393 967 4453 peceatum
1057 4383 1194 4465 (Silium.
1221 4380 1287 4437 edit.
1303 4379 1372 4448 sola,
1398 4383 1537 4436 uersenttm
1558 4377 1644 4450 justo
1657 4378 1745 4450 tepere,
1761 4396 1816 4436 aaa

159 4464 215 4524 ett3
233 4461 433 4529 perpetratam
451 4453 522 4512 enim
546 4451 796 4523 hujusmodimors.
812 4457 965 4524 ‚Prudentia
1019 4454 1076 4511 ias
1096 4455 1173 4521 uite,
1188 4460 1241 4512 eto.
1435 4522 1440 4532 Ι
1587 4519 1619 4531 ,-
1727 4521 1732 4532 ,

160 4529 245 4586 euim.
980 4515 1004 4575 11
1056 4471 1303 4607 (solemnesque.
1316 4539 1348 4606 ao
1362 4538 1442 4605 pauor
1456 4521 1815 4606 mesopotamosque

197 4597 243 4674 (1)
285 4597 326 4654 lta
351 4595 447 4670 seripti
469 4595 531 4654 oud.
548 4611 650 4668 magno
673 4610 806 4651 numero:
834 4599 962 4660 nonnulli
1020 4597 1150 4670 Spiritum
1164 4597 1227 4654 dicit
1243 4595 1353 4662 Christe,
1367 4611 1441 4666 quta,
1457 4603 1510 4652 ete.
1526 4595 1581 4652 Nos
1596 4593 1815 4670 looumeplurs-

161 4677 269 4739 tamen,
296 4675 323 4726 et
336 4685 431 4725 omnes
444 4668 523 4738 edit,
548 4668 594 4724 uhi
607 4665 678 4722 euim
694 4667 863 4738 perturbatio
877 4677 923 4740 est,
938 4679 963 4729 et
1016 4669 1068 4726 hus
1078 4669 1288 4743 potioribusque
1301 4683 1366 4724 mss.
1383 4665 1565 4723 restituimus.
1775 4735 1780 4746 Ι

160 4747 308 4814 passast.
1053 4741 1111 4812 (ll)
1141 4742 1183 4796 lta
1194 4756 1259 4796 mss.
1275 4737 1416 4810 plerique:
1446 4736 1495 4793 alii
1510 4753 1588 4806 vero,
1603 4736 1709 4794 etedlt.
1724 4744 1813 4794 omit-

197 4813 242 4886 (11)
261 4813 342 4872 Rom.
367 4811 434 4871 edit.
453 4828 488 4872 ex
503 4828 589 4887 marg.
609 4811 676 4870 Gill.
694 4827 758 4870 oum
773 4812 869 4885 patrois
882 4829 961 4884 mss,
1015 4819 1161 4882 tunuquse
1173 4818 1276 4876 monem
1288 4817 1315 4868 et
1325 4807 1453 4866 nonnulli
1465 4823 1497 4868 te
1511 4817 1566 4865 vet.
1582 4807 1649 4865 edit.
1665 4809 1814 4882 protertu-

158 4901 280 4958 proauus
300 4889 329 4940 tn
344 4883 499 4956 disputatio.
1016 4884 1175 4956 tsr‚legunt
1189 4881 1329 4954 conpellit.
1352 4879 1490 4938 Continuo
1512 4895 1578 4938 uero
1594 4888 1655 4952 post
1670 4879 1718 4937 uhi
1743 4877 1810 4936 edit.

198 4955 241 5028 (6)
286 4954 330 5014 oei
353 4955 430 5012 heuto
456 4954 599 5029 subjungit
624 4972 675 5011 ms.
692 4953 785 5024 Goth,
801 4973 894 5030 uoper
914 4959 962 5014 hoe
1015 4970 1045 5010 ao
1061 4971 1125 5010 mss.
1154 4953 1270 5026 aliquot,
1285 4951 1411 5019 domines,
1427 4968 1481 5006 nou
1506 4955 1584 5006 erunt
1599 4957 1685 5008 tamea
1699 4947 1813 5024 fitiiDei

163 5043 218 5082 uon
232 5025 305 5098 sedit.
1013 5025 1108 5093 vorati,
1132 5025 1187 5080 nisi
1210 5025 1246 5080 sie
1277 5024 1403 5088 emerim,
1427 5039 1459 5077 ne
1480 5023 1545 5079 sotis
1569 5023 1672 5105 iodipui
1695 5036 1812 5078 eoueeeso

198 5099 242 5170 (7)
257 5099 320 5156 Vet.
348 5096 570 5170 editaopluree
583 5114 708 5168 mss.,ne
719 5115 769 5172 per
787 5099 961 5173 leeleqillei
1014 5097 1296 5161 nominationum
1330 5097 1409 5154 Rom.
1438 5093 1552 5161 edit....,
1578 5094 1731 5166 ottadipai
1744 5107 1812 5148 tots-

159 5168 208 5226 too
236 5169 353 5226 stadium
379 5167 525 5240 subjeetum
546 5185 598 5225 ease
623 5187 677 5228 ttott
701 5177 787 5243 potest
807 5172 835 5227 itt
848 5189 876 5228 eo
890 5175 961 5244 quod
1013 5185 1082 5224 oeteo
1114 5169 1219 5224 nomiae
1241 5168 1347 5224 minime
1369 5167 1529 5234 videntium
1560 5181 1626 5222 mse.
1655 5165 1811 5238 trequentes

160 5241 344 5309 nuditatum
373 5257 440 5298 mes.
457 5239 616 5313 aliquotas
631 5242 861 5302 comoditatem:
878 5243 958 5301 Rom.
1014 5237 1158 5298 nobiseum
1190 5238 1308 5309 faciunt,
1338 5238 1393 5296 nisi
1416 5236 1490 5312 quod
1505 5254 1554 5312 pro
1582 5242 1740 5304 onerantur,
1754 5247 1810 5288 nou

160 5319 256 5368 autem
265 5309 332 5368 edit.
347 5327 411 5368 oum
421 5310 578 5369 variieleot.
587 5311 652 5370 Gill.
664 5321 692 5386 pt
706 5329 772 5370 mss.
782 5313 958 5387 quibusdam,
1012 5309 1094 5385 pauei
1109 5311 1226 5368 efferunt
1241 5311 1419 5369 honorentur.
1434 5307 1562 5368 Absurde
1576 5323 1667 5366 sensu.

160 5382 246 5439 utin
269 5389 412 5452 contextu,
436 5381 491 5440 uisi
516 5381 590 5460 quod
618 5382 646 5438 in
671 5383 725 5441 line
744 5385 824 5443 Rom.
848 5387 915 5444 edit.
932 5396 959 5444 et
1050 5381 1108 5454 tlt)
1124 5383 1256 5440 lisanda
1289 5383 1363 5449 auci,
1378 5379 1648 5454 spiritusuerooiait.
1688 5443 1693 5455 Ι

161 5452 229 5510 Gill.
247 5451 358 5524 habent,
373 5461 403 5510 ut
412 5455 466 5512 Deo
480 5460 565 5528 pentes
575 5463 729 5535 reumont.
1049 5454 1106 5526 (13)
1123 5453 1224 5512 Omnes
1244 5399 1311 5511 edit.
1326 5454 1421 5521 idest,
1446 5452 1587 5523 Spiritum,
1601 5465 1636 5503 tte
1646 5459 1707 5516 qast
1717 5458 1811 5502 emm

190 5523 241 5606 .(⁸)
255 5523 296 5582 lta
322 5523 402 5582 Rom.
431 5542 494 5583 oum
522 5525 608 5583 rastis
633 5525 695 5584 leet.
718 5525 796 5597 oili,
821 5527 904 5588 Corb.
931 5537 958 5586 et
1009 5525 1388 5600 pussimtepotestperoeuire.
1404 5525 1482 5580 liras.
1498 5529 1596 5601 etseq.
1611 5523 1810 5588 expunxerunt

161 5595 399 5677 alsnnonnullie:
416 5604 472 5656 vet.
486 5605 577 5656 autem
589 5595 700 5655 editae
715 5599 880 5658 murinas.
892 5600 958 5673 quio
1011 5612 1053 5668 oe,
1069 5612 1135 5655 mss.
1151 5613 1217 5657 vero
1241 5611 1327 5674 prope
1355 5596 1390 5654 td
1403 5609 1491 5652 uum
1517 5590 1663 5648 mestum
1688 5587 1807 5652 radunt.

160 5673 325 5740 naptetentes
348 5669 487 5740 muudum,
513 5669 632 5742 spiritali
656 5669 794 5745 sapientia
818 5673 957 5742 resultat,
