4074 6178
140 353 209 412 itta

702 352 750 408 DE
769 352 923 414 MORIBUS
942 353 1246 414 BRACHMANORUM.

1721 362 1791 423 titt

138 479 223 555 pressi
238 475 423 537 lactiscibum
436 491 554 546 sumere,
571 474 671 549 quibus
690 477 746 534 Deo
761 477 843 552 digna
861 497 937 537 mens
952 485 976 544 Α
990 482 1063 556 ipsos
1084 482 1171 538 veluti
1196 490 1292 539 contra
1312 484 1439 543 inimicos
1462 494 1568 546 vestros
1583 489 1677 547 soletis
1699 490 1790 566 loqui,

138 570 247 640 crescit,
265 585 348 644 quam
375 567 424 624 ille
448 568 506 624 Deo
529 581 635 640 semper
662 565 760 623 habuit
786 567 938 639 inimicam,

138 675 192 733 qua
206 659 278 715 male
291 674 440 716 succensus
462 657 490 714 in
517 656 586 712 iram
611 655 725 726 exarsit,
748 672 884 731 quamque
906 658 939 714 de

138 750 281 824 sapientie
305 749 387 807 bonis
415 747 559 805 transtulit
581 746 614 803 ad
629 747 698 806 vitia
718 750 879 822 voluptatis.
896 751 939 806 Ex

137 842 219 899 nobis
234 848 327 898 autem
345 840 441 896 nullus
455 837 484 894 in
501 836 598 911 prunis
611 836 771 895 ardentibus
787 839 937 910 volutatur,

138 947 228 1007 neque
245 931 295 988 ulli
307 930 417 990 dolores
445 943 560 1001 corpora
579 935 673 986 nostra
697 937 873 997 consumunt,
891 930 937 987 sed

138 1020 197 1078 uita
220 1027 314 1077 nostra
340 1017 573 1075 medicamentum
601 1017 713 1092 aliquod
734 1019 859 1075 sanitatis
879 1027 933 1077 est.

137 1111 260 1172 Naturali
275 1118 369 1168 autem
384 1107 520 1164 beneficio
534 1107 619 1164 alieni
638 1123 654 1164 a
678 1107 785 1166 divitiis
808 1111 938 1169 omnibus

137 1217 233 1276 sumus
249 1217 255 1256 :
272 1215 350 1272 aequo
365 1197 447 1254 etiam
463 1195 550 1252 vitam
574 1203 695 1254 nostram
714 1215 787 1256 mors
807 1198 863 1257 line
885 1216 956 1259 co-·

137 1289 261 1346 miratur.
276 1288 313 1344 Et
330 1286 354 1345 si
368 1284 509 1342 interdum
532 1286 660 1343 nonnulli
683 1287 755 1366 forte
778 1290 935 1347 mortalium

137 1375 171 1436 ad
184 1377 396 1452 quosialsorum
415 1374 493 1432 venit
507 1374 634 1433 doctrina
656 1375 816 1446 verborum,
835 1394 937 1451 percu-

136 1477 193 1526 tere
221 1483 272 1525 nos
310 1465 390 1522 vanis
428 1471 536 1522 tentam
573 1464 701 1539 sagittis,
739 1465 936 1538 ingenuitatem

134 1565 228 1614 mmen
241 1552 477 1613 nostramlaedcre
490 1570 522 1612 ac
531 1553 630 1610 vitiare
645 1569 700 1610 non
716 1556 933 1628 possunt.Unum

134 1651 217 1719 etque
235 1644 308 1702 idem
325 1651 367 1702 est
379 1643 491 1700 mentiri
506 1652 533 1700 et
547 1643 657 1701 credere
679 1645 835 1703 mentienti.
851 1647 936 1704 Nocet

136 1735 210 1792 enim
226 1734 288 1809 quis
302 1741 329 1791 et
347 1733 393 1792 cui
408 1733 477 1790 ialsa
492 1733 647 1806 persuadet,
662 1743 743 1792 nocet
757 1743 784 1792 et
798 1735 936 1809 sibi,quia

994 586 1057 626 cum
1073 578 1163 628 tamen
1179 570 1279 630 habere
1304 592 1354 631 vos
1375 575 1476 649 lingum
1489 580 1606 650 proprias
1627 589 1790 653 potestatem

994 658 1094 716 sciatis.
1112 659 1204 733 Longe
1216 662 1337 736 profecto
1354 665 1481 723 meliores
1491 675 1555 724 sunt
1572 669 1614 724 illi
1638 671 1685 742 qui
1700 679 1791 729 tacere

993 759 1206 820 consueverunt,
1217 768 1272 808 non
1283 755 1355 810 enirn
1368 772 1396 811 se
1404 756 1476 828 ipsos
1484 757 1622 832 loquendo
1630 761 1789 821 revincunt.

992 841 1116 897 Mutuom
1129 841 1281 898 mercedem
1296 845 1330 900 ab
1341 845 1470 903 omnibus
1480 848 1614 920 accipitis,
1629 851 1789 923 gloriosum,

992 943 1024 990 ut
1044 934 1155 1007 putatis,
1185 945 1379 994 ornamentum
1404 937 1499 1012 digitis
1525 941 1623 998 uestris
1646 941 1791 1014 imponitis

991 1040 1089 1080 aurum
1106 1043 1111 1081 :
1128 1041 1178 1081 vos
1192 1041 1300 1098 quoque
1317 1027 1436 1086 reminas
1450 1029 1576 1086 uidemus
1590 1040 1710 1097 ornatos,
1726 1049 1790 1088 cum

991 1112 1084 1170 sciatis
1103 1113 1176 1187 quod
1200 1113 1331 1186 idipsum,
1358 1115 1387 1172 in
1406 1133 1461 1190 quo
1486 1136 1650 1192 magnopere
1667 1121 1788 1192 creditis,

991 1211 1124 1278 qnantum
1150 1205 1184 1262 ad
1206 1221 1262 1260 rem
1286 1206 1405 1277 pertinet
1428 1225 1531 1276 veram,
1557 1202 1635 1266 vobis
1663 1209 1790 1283 prodesse

991 1293 1062 1351 nibil
1073 1295 1168 1370 possit.
1185 1296 1262 1352 Auro
1276 1295 1350 1352 enim
1362 1312 1419 1352 non
1433 1297 1606 1354 extolluntur
1620 1299 1730 1367 animae,
1744 1315 1789 1355 nc·

990 1399 1042 1456 que
1052 1400 1167 1456 corpora
1181 1384 1354 1454 nutriuntur,
1371 1385 1420 1442 sed
1431 1392 1544 1443 econtra
1560 1402 1608 1460 per
1621 1387 1693 1444 illud
1709 1396 1791 1444 utra-

990 1491 1043 1548 que
1053 1475 1104 1531 ista
1117 1474 1261 1532 vitiantur.
1276 1476 1331 1532 Nos
1345 1485 1437 1532 autern
1451 1477 1499 1550 qui
1514 1478 1705 1551 cognoscimus
1720 1478 1790 1534 veri-

990 1571 1085 1632 tatem,
1112 1565 1254 1638 ipsamque
1290 1573 1428 1636 naturam,
1458 1567 1481 1622 si
1506 1567 1671 1639 coeperimus
1700 1569 1788 1638 sitire,

990 1651 1092 1709 ibimus
1120 1653 1152 1710 ad
1181 1655 1309 1722 fluvium,
1335 1672 1489 1730 aurumque
1514 1657 1661 1727 calcantes,
1691 1675 1790 1732 aquarn

989 1741 1126 1800 bibemus.
1150 1743 1227 1800 Auro
1248 1743 1324 1800 enim
1344 1745 1441 1820 nequit
1464 1745 1553 1802 sedari
1569 1747 1665 1815 fames,
1682 1747 1789 1804 accitis

135 1824 203 1883 dum
222 1823 366 1883 mendacio
381 1823 480 1894 credit,
500 1840 557 1881 non
577 1823 659 1880 facile
677 1825 711 1880 ad
734 1825 821 1898 ipsam
836 1828 934 1884 verita·
949 1847 973 1910 Β
990 1833 1078 1889 nescit
1094 1832 1244 1905 exstingui.
1260 1833 1320 1890 Non
1331 1849 1366 1890 en
1380 1850 1448 1890 auro
1463 1835 1540 1890 venit
1554 1835 1700 1892 vulnerum
1712 1853 1788 1906 cura,

135 1925 192 1976 tem
212 1916 355 1990 pervenire
370 1915 453 1972 ualet.
479 1913 654 1972 lusimulatio
673 1921 765 1970 aulem
791 1917 862 1972 mala
884 1917 936 1972 ini-

134 2007 305 2065 micitiarum
320 2005 444 2080 quedam
460 2014 487 2064 et
507 2004 688 2064 certaminum
707 2013 795 2062 mater
808 2014 858 2076 est,
875 2024 936 2081 quas

135 2113 170 2155 ex
184 2113 213 2154 se
237 2093 407 2153 iracundiam
432 2095 513 2170 parit,
543 2093 696 2167 exquibus
723 2111 820 2152 rursus
844 2095 936 2169 jurgia

135 2191 162 2242 et
177 2184 250 2242 bella
264 2193 422 2242 nascuntur.
441 2184 525 2240 Nulla
542 2191 635 2240 tamen
651 2183 742 2240 uirtus
755 2193 798 2241 est
811 2183 935 2242 occidere

134 2275 277 2332 hominem
294 2290 300 2330 :
317 2275 456 2331 latronum
480 2273 553 2331 enim
575 2273 638 2343 iste,
658 2281 690 2331 ut
713 2275 852 2344 novimus,
877 2291 936 2332 mos

134 2372 175 2424 cst
214 2363 266 2423 Sed
293 2380 344 2421 nos
375 2363 509 2420 virtutem
546 2378 640 2420 veram
677 2380 809 2422 vocamus
839 2372 935 2422 contra

134 2469 262 2514 aurarum
289 2453 457 2510 mutationes
485 2451 560 2510 nudo
581 2469 695 2528 corpore
714 2453 857 2522 dimicare,
883 2453 936 2511 de-

134 2545 234 2604 sideria
247 2543 355 2602 ventris
370 2542 540 2614 abscindere,
566 2551 595 2600 et
618 2545 709 2600 uarias
731 2543 819 2617 ipsius
832 2561 936 2618 pugnas

134 2634 302 2693 abstinentia
316 2633 503 2708 patientiaque
516 2649 654 2705 superare.
669 2633 756 2706 Igitur
766 2635 842 2706 prius
855 2633 935 2692 uince

134 2723 186 2781 bos
200 2721 330 2780 inimicos
348 2722 516 2780 anteomnia
528 2729 601 2792 tuos,
616 2722 640 2780 si
655 2721 735 2778 tortis
754 2721 858 2779 videris
872 2721 933 2792 tibi,

134 2821 162 2873 et
176 2813 278 2872 exinde
292 2830 361 2888 opus
380 2813 431 2870 tibi
451 2829 507 2870 non
532 2813 586 2871 erit
607 2813 754 2870 aduersum
779 2813 934 2887 quempiam

135 2906 287 2967 certamina
301 2913 416 2963 externa
430 2905 615 2963 committere.
631 2903 738 2962 idcirco
750 2905 824 2961 enirn
840 2913 936 2962 contra

134 3017 180 3058 eos
193 2997 241 3072 qui
261 2997 329 3055 ioris
353 3007 428 3068 sunt,
449 3013 608 3055 commoves
625 2998 709 3066 bella,
734 3005 765 3054 ut
787 2997 849 3054 istis
867 3013 936 3072 quos

992 1936 1048 1977 non
1069 1929 1233 1994 aegrotorum
1259 1922 1397 1980 medicina
1426 1922 1624 1994 membrorum,
1650 1941 1707 1980 non
1733 1927 1792 1980 ulla

991 2011 1140 2068 refrenatio
1155 2013 1317 2086 cupiditatis
1337 2015 1491 2084 immense,
1507 2014 1553 2071 sed
1565 2014 1690 2071 hortatus
1705 2016 1792 2088 magis

991 2117 1022 2158 ac
1033 2103 1192 2175 provocatio
1207 2103 1295 2176 major
1308 2103 1343 2159 ad
1362 2119 1462 2160 novam
1477 2105 1570 2160 neseio
1585 2121 1666 2177 quam
1684 2121 1792 2162 concu-

991 2191 1114 2265 piscendi
1122 2190 1278 2248 libidinem.
1287 2193 1322 2248 Et
1331 2191 1392 2248 sitis
1400 2191 1515 2265 quidem
1527 2192 1576 2248 illa
1586 2194 1719 2248 naturalis
1727 2211 1790 2250 curu

990 2279 1084 2350 luerit,
1093 2296 1363 2354 cumaquam,quam
1372 2279 1548 2350 desiderauit,
1558 2279 1702 2354 acceperit,
1712 2281 1791 2340 sitire

990 2387 1057 2427 mox
1070 2379 1176 2438 cessat;
1190 2369 1319 2427 similiter
1333 2371 1415 2428 etiarn
1430 2371 1566 2428 naturalis
1581 2372 1666 2428 iames
1681 2372 1790 2445 quando

991 2477 1080 2518 escam
1095 2477 1176 2534 quarn
1193 2461 1301 2534 quaerit,
1321 2451 1469 2532 ac'eepcrit,
1485 2459 1669 2533 conquiescit.
1685 2461 1713 2516 Si
1733 2458 1790 2533 igi-

991 2557 1038 2605 tur
1056 2549 1150 2605 eodem
1167 2549 1259 2618 modo,
1285 2550 1435 2621 eademque
1450 2556 1548 2605 natura
1570 2566 1667 2604 aurum
1681 2565 1790 2624 quoqne

991 2637 1128 2694 humanus
1142 2639 1252 2695 animus
1266 2637 1443 2704 desideraret,
1461 2637 1508 2693 ubi
1530 2636 1648 2708 primum
1662 2637 1790 2709 accepis-

990 2737 1031 2784 set
1045 2727 1118 2801 quod
1142 2727 1254 2799 optabat
1275 2727 1408 2798 accipere,
1438 2725 1498 2782 sine
1512 2724 1599 2782 dubio
1611 2724 1748 2797 cupiditas
1763 2732 1790 2782 et

992 2817 1050 2890 ipsa
1075 2824 1209 2874 cessaret:
1241 2816 1288 2872 scd
1321 2813 1423 2871 nedum
1453 2815 1506 2870 ista
1527 2829 1583 2870 non
1612 2822 1707 2883 cessat,
1732 2814 1789 2873 imo

990 2922 1097 2978 semper
1110 2921 1192 2972 nova,
1204 2912 1232 2960 et
1247 2903 1306 2960 sine
1317 2903 1409 2976 aliqua
1424 2901 1628 2958 intermissione
1642 2902 1789 2974 desiderat,

991 2996 1127 3069 quianon
1143 3011 1177 3050 ex
1193 2992 1413 3051 commonitione
1427 2999 1535 3048 nature
1556 2990 1723 3048 desideriunt
1737 2993 1792 3048 tale

135 3089 302 3146 intrinsecus
318 3087 411 3156 babes,
431 3086 564 3143 alimenta
580 3092 607 3142 et
621 3085 743 3142 iumenta
757 3085 934 3159 suppedites:
991 3083 1126 3158 procedit.
1140 3084 1282 3141 Postremo
1293 3083 1321 3139 in
1336 3097 1391 3156 quo
1403 3081 1478 3156 apud
1503 3097 1553 3138 vos
1566 3082 1692 3139 homines
1707 3090 1734 3139 et
1750 3099 1793 3138 or·

134 3179 182 3237 sed
200 3186 230 3235 tu
243 3177 322 3235 vides
336 3175 411 3251 quod
425 3192 472 3233 eos
486 3175 609 3248 quidem,
620 3191 683 3232 cum
699 3175 799 3248 quibus
812 3175 879 3232 ioris
893 3175 934 3232 di·
950 3203 975 3268 C
992 3181 1094 3230 uantur
1105 3181 1132 3230 et
1146 3172 1308 3245 gloriantur,
1321 3172 1350 3228 in
1361 3171 1454 3228 eodem
1466 3170 1538 3242 apud
1552 3187 1602 3228 nos
1610 3180 1789 3245 spernuntur.

134 3269 230 3336 micas,
247 3266 349 3335 vincis,
364 3265 399 3322 ab
414 3265 449 3323 iis
463 3273 555 3322 autem
571 3281 640 3339 quos
660 3266 744 3334 nosti,
759 3265 805 3340 qui
821 3265 895 3322 intra
910 3273 935 3322 te
992 3265 1112 3323 Calenus
1126 3263 1232 3319 amicus
1246 3267 1287 3318 est
1300 3269 1401 3329 vester,
1413 3259 1460 3317 sed
1475 3260 1618 3332 spernitur
1633 3268 1660 3317 et
1674 3262 1794 3318 calcatur

136 3364 212 3427 sunt,
226 3355 374 3430 superaris.
390 3353 540 3414 Considera
558 3354 643 3428 igitur
657 3354 752 3429 quartti
774 3355 886 3428 tyranni
906 3355 935 3411 in
990 3358 1111 3416 anobis.
1127 3357 1180 3427 Qui
1197 3371 1260 3428 ergo
1282 3356 1435 3412 multorum
1452 3355 1588 3410 malorum
1612 3362 1708 3411 auctor
1721 3353 1794 3426 apud

136 3446 287 3504 stultorum
301 3443 432 3502 cordibus
459 3442 592 3518 degunt:
623 3443 708 3513 oculi,
734 3459 824 3512 aures,
844 3460 934 3513 nares,
990 3464 1040 3505 vos
1068 3444 1453 3513 inerit,auobisbonoratur
1474 3449 1502 3498 et
1526 3441 1647 3499 colitur:
1664 3444 1711 3517 qui
1728 3459 1794 3499 vero

135 3541 243 3605 uenter,
264 3533 370 3601 virilia,
383 3540 529 3608 totumque
544 3549 644 3608 corpus
663 3533 828 3599 humanum,
852 3549 934 3608 quam
990 3543 1031 3593 est
1046 3535 1165 3603 inutilis,
1180 3533 1326 3608 projicitur
1339 3530 1462 3589 anobis:
1479 3537 1506 3588 et
1525 3530 1573 3587 illa
1587 3546 1647 3604 quae
1661 3547 1713 3587 nos
1728 3547 1795 3586 om-

134 3627 222 3682 multa
238 3627 321 3683 etiam
335 3625 472 3683 desideria
485 3625 821 3695 nascunturintriusecus‚
835 3625 935 3699 quibus
991 3625 1058 3681 nino
1075 3641 1131 3682 non
1153 3624 1314 3698 querimus,
1337 3622 1439 3680 Caleno
1462 3637 1512 3693 pro
1539 3635 1570 3677 ea
1591 3635 1672 3694 qnam
1696 3617 1795 3676 babuit

135 3721 265 3780 omnibus
280 3738 365 3796 genus
375 3724 490 3781 mortale
501 3721 655 3781 succumbit
669 3731 696 3779 et
712 3721 806 3790 seruit,
826 3733 937 3797 propter
990 3733 1054 3789 erga
1068 3716 1212 3788 pecuniam
1229 3713 1392 3789 cupiditate,
1409 3713 1582 3787 placuerunt.
1597 3711 1651 3769 Sed
1665 3727 1721 3769 non
1736 3720 1796 3769 erat

134 3826 196 3885 quar
215 3818 315 3874 cuncta
329 3819 357 3868 et
367 3811 535 3886 jugulantur
557 3819 585 3870 et
606 3810 745 3887 jugulant.
761 3811 823 3868 'Nos
845 3822 935 3870 autom
990 3814 1085 3863 noster
1095 3805 1142 3864 hic
1152 3805 1226 3874 talis,
1239 3804 1288 3879 qui
1299 3804 1419 3861 animam
1432 3817 1510 3858 suarn
1522 3799 1795 3858 miserabiliterlaesit

135 3898 312 3968 Brachmani,
334 3899 400 3973 quia
420 3901 594 3974 omniaque
618 3902 786 3959 intrinsecus
804 3899 937 3958 habemus
990 3911 1022 3951 ac
1036 3893 1166 3966 perdidit,
1184 3892 1218 3949 ob
1234 3891 1307 3965 quod
1323 3905 1410 3963 neque
1430 3891 1480 3944 Dei
1506 3905 1596 3959 neque
1617 3891 1705 3944 nostri
1719 3889 1795 3946 ami-

135 3984 208 4041 bellt
223 4001 395 4057 superamus,
419 3988 476 4060 jam
499 3989 534 4045 de
552 3990 660 4062 reliquo
683 3991 836 4046 incolumes
855 3999 937 4065 atque
990 3999 1039 4040 cus
1052 3999 1111 4050 essa
1125 3983 1201 4038 visus
1215 3987 1256 4036 est
1269 3979 1381 4052 dignus,
1392 3993 1484 4050 neque
1497 3977 1525 4033 in
1541 3976 1595 4033 hoc
1608 3978 1708 4034 sarculo
1722 3978 1795 4034 iuter

136 4071 226 4132 securi
242 4072 272 4129 in
292 4089 400 4131 summa
424 4091 491 4147 pace
519 4076 729 4150 requiescimus,
752 4078 837 4136 silvas
861 4079 936 4137 vide.
990 4073 1075 4130 siluas
1102 4071 1202 4129 babere
1233 4068 1334 4127 meruit
1365 4067 1551 4133 securitatem,
1592 4081 1680 4138 neque
1718 4065 1794 4122 illam

136 4180 208 4232 mus,
225 4161 381 4236 omlumque
395 4162 572 4236 suspicimus,
587 4164 935 4239 aquilarumdiversarum-
990 4180 1098 4238 sperare
1120 4163 1236 4238 gloriam
1262 4159 1366 4234 potuit,
1401 4174 1464 4231 quae
1488 4155 1660 4230 promittitur
1683 4156 1713 4212 in
1746 4155 1795 4214 iu-

137 4252 293 4328 queavium
305 4251 474 4327 gratissimas
490 4267 571 4310 voces
583 4268 690 4326 semper
708 4254 846 4325 audimus,
861 4257 937 4315 nudo
990 4263 1064 4312 turo.

136 4341 188 4400 sub
206 4357 267 4398 aere
284 4340 412 4398 arborum
428 4339 504 4397 foliis
519 4350 612 4399 nostra
625 4357 741 4416 corpora
754 4346 934 4419 contegimus,
1027 4341 1185 4401 Alexander
1197 4339 1348 4413 imperator
1362 4337 1411 4396 ubi
1429 4336 1510 4394 uenit
1527 4335 1561 4394 ad
1580 4335 1674 4406 silvas,
1689 4333 1795 4394 Danda·

137 4448 288 4507 sorumque
324 4431 462 4492 fructibus
494 4433 642 4504 vescimur,
678 4451 776 4509 equam
802 4435 934 4507 bibimus,
991 4442 1060 4500 mim
1083 4438 1310 4516 quidemipsum
1325 4437 1354 4494 in
1380 4435 1502 4493 transitu
1529 4434 1690 4491 viderenon
1704 4433 1795 4507 potuit

136 4525 257 4600 hymnos
270 4527 328 4583 Deo
342 4525 480 4595 canimus,
494 4533 521 4583 et
535 4525 622 4583 iuturi
646 4526 739 4584 saculi
754 4526 842 4584 vitam
857 4527 935 4584 desi·
992 4530 1157 4604 (Plutarch,
1167 4529 1197 4585 in
1209 4529 1268 4588 Vita
1277 4525 1440 4598 Abacndri)
1455 4525 1502 4582 :in
1512 4525 1583 4582 silva
1592 4524 1666 4581 enim
1675 4523 1794 4597 jacebat,

136 4612 274 4685 dommus,
287 4614 450 4690 nullumque
460 4613 534 4690 quod
545 4615 672 4687 prodesse
680 4615 761 4674 nobis
771 4632 827 4673 nou
835 4617 932 4689 possit,
989 4621 1152 4680 recumbens
1166 4634 1248 4691 snper
1258 4617 1387 4674 arborum
1404 4615 1473 4673 lolia
1482 4614 1513 4673 in
1523 4615 1670 4672 securitate
1679 4621 1707 4670 et
1717 4628 1793 4686 pace,

136 4703 276 4763 audimus.
287 4704 337 4762 His
352 4721 417 4779 crgo
429 4722 480 4763 nos
494 4705 661 4764 Brachmsni
677 4705 802 4764 moribus
813 4707 937 4764 contenti
992 4712 1136 4787 proximus
1149 4708 1232 4777 ionti,
1253 4724 1335 4782 quem
1359 4707 1438 4780 quasi
1458 4705 1526 4764 uber
1542 4712 1622 4761 terrae
1638 4703 1733 4760 matris
1745 4702 1795 4759 in-

137 4794 269 4865 silimus,
287 4795 438 4870 paucisque
450 4796 625 4855 sermonibus
652 4797 762 4872 agitatis
784 4813 849 4854 mox
863 4805 937 4855 tace·

137 4900 209 4942 mus.
226 4885 283 4942 Vos
298 4894 390 4942 autem
408 4885 504 4944 dicitis
525 4887 639 4961 quidem
662 4905 724 4962 qnae
735 4887 853 4946 debeant
866 4887 937 4954 fieri,

137 4971 189 5030 ne'c
203 4977 296 5030 lamen
305 4972 398 5031 tacitis
411 4991 418 5042 ;
430 4972 628 5048 philosophum
639 4990 690 5034 vos
700 4977 809 5034 nullum
824 4977 937 5052 putatis,

136 5062 192 5119 nisi
206 5079 269 5120 cum
284 5064 333 5138 qui
348 5063 458 5121 nouerit
469 5064 546 5139 loqui
563 5082 570 5121 :
593 5071 685 5123 vester
695 5066 770 5124 euim
792 5076 834 5124 est
847 5067 938 5125 omnis

137 5168 233 5209 sensns
248 5151 278 5210 in
292 5152 399 5228 lingua,
414 5153 547 5229 uobisque
561 5155 590 5211 in
605 5155 662 5213 oris
684 5155 769 5212 vestri
787 5156 869 5215 labiis
881 5164 939 5214 tota

136 5240 273 5314 sapientia
286 5248 336 5298 est.
355 5243 463 5300 Aurum
478 5250 677 5319 argentumque
689 5245 833 5320 colligitis,
845 5248 938 5320 pluri-

136 5330 191 5389 mis
207 5330 294 5388 scrvis
307 5339 334 5390 et
348 5333 454 5406 magnis
474 5332 604 5393 domibus
629 5334 760 5410 indigetis
777 5355 783 5394 :
806 5338 939 5396 allocutis

137 5422 267 5493 bonores,
278 5433 306 5481 et
318 5424 464 5482 sectamini
475 5425 633 5500 dignitates,
647 5428 729 5486 editis
740 5435 847 5486 tantum
858 5439 939 5505 atque

138 5511 239 5585 potatis
253 5520 388 5588 qnantum
398 5513 479 5589 juvat
493 5518 610 5590 expleri,
622 5518 736 5576 utimini
750 5535 828 5595 aeque
842 5530 870 5578 ct
885 5537 940 5578 ve-

138 5601 228 5660 stibus
252 5602 382 5662 delicatis
399 5621 508 5680 semper
533 5622 566 5663 ac
585 5607 727 5678 mollibus,
747 5625 831 5683 caque
848 5610 940 5669 facitis

139 5709 255 5768 quornm
284 5695 475 5770 poenitentiam
503 5713 570 5756 mox
601 5699 701 5776 geratis
727 5717 733 5758 :
761 5708 857 5760 contra
884 5717 940 5760 von

993 4808 1154 4874 corruptum
1173 4806 1254 4872 atque
1288 4797 1427 4870 integrum
1453 4794 1483 4852 in
1514 4811 1637 4853 ossuum
1656 4794 1795 4867 emulgere

993 4897 1183 4949 consueverat.
1213 4884 1288 4946 ldisit
1319 4893 1410 4943 autem
1440 4885 1465 4941 ei
1491 4882 1650 4941 Alexander
1674 4882 1794 4940 amicum

993 4979 1139 5054 quemdam
1157 4976 1268 5034 nomine
1282 4973 1469 5033 onesicritum
1486 4974 1531 5048 (Q.
1547 4973 1637 5044 Curt,
1654 4973 1703 5029 lib.
1720 4987 1750 5028 rx
1761 4971 1793 5028 de

996 5068 1079 5126 Gestis
1087 5066 1263 5138 Abccadri),
1274 5064 1370 5123 dicens
1379 5065 1404 5122 ei
1416 5083 1422 5121 :
1436 5064 1600 5133 Onesicrito,
1612 5069 1793 5120 memoratum

993 5156 1085 5213 virum
1100 5154 1265 5214 Dandamim
1280 5152 1313 5209 ad
1329 5169 1373 5210 me
1388 5153 1484 5211 venire
1499 5154 1608 5220 festina,
1624 5158 1672 5206 aut
1684 5163 1793 5207 causam

994 5257 1104 5324 propter
1123 5263 1205 5324 qnam
1222 5247 1316 5305 venire
1339 5247 1470 5316 noluerit,
1497 5241 1604 5312 nuntia,
1627 5249 1657 5297 ut
1670 5257 1720 5314 ego
1735 5240 1794 5312 ipse

994 5344 1028 5402 ad
1039 5343 1191 5402 videndum
1203 5360 1265 5402 eum
1282 5359 1402 5418 pergam.
1419 5341 1471 5401 Cui
1494 5339 1542 5395 ille
1555 5335 1698 5410 respondit
1715 5354 1721 5392 z
1738 5337 1796 5394 Fa-

994 5435 1065 5492 ciam
1086 5451 1150 5492 cum
1175 5433 1315 5493 celeritate
1338 5431 1411 5507 quod
1428 5427 1563 5503 praecipis.
1579 5425 1648 5483 Nam
1661 5423 1733 5482 sicut
1744 5423 1796 5498 ju-

993 5523 1059 5582 bere
1072 5532 1150 5580 tuum
1167 5532 1217 5592 est,
1246 5524 1285 5580 ita
1300 5537 1391 5580 meum
1410 5533 1468 5575 esse
1495 5529 1630 5589 cognosco
1644 5512 1700 5570 tuis
1711 5512 1797 5586 jussis

993 5613 1193 5688 obtemperare.
1211 5613 1262 5672 Ubi
1287 5611 1374 5684 igitur
1388 5605 1563 5680 supradictus
1578 5603 1611 5662 ad
1630 5603 1795 5663 Dandaurim

995 5703 1215 5774 ruminaverit,
1231 5702 1275 5760 his
1289 5717 1351 5762 eum
1375 5699 1512 5757 allocutus
1526 5704 1569 5756 est
1580 5694 1673 5754 uerbis
1689 5713 1696 5753 :
1717 5693 1797 5754 Dixit
