4094 6182
262 285 315 360 tol

770 293 819 350 no
838 287 955 348 orans
974 287 1003 345 e.
1024 271 1192 346 suenosn
1211 289 1401 353 messum.

1856 281 1912 348 232

269 446 279 472 ι
298 423 378 482 Nunc
396 424 487 481 aulem
502 421 590 480 tancti
610 427 683 479 sunt.
700 444 710 469 ›
730 416 822 474 Sancti
836 420 912 481 sunt,
941 412 1055 486 quiade
1071 416 1095 475 A
1153 414 1254 472 «Sicut
1267 416 1297 473 in
1311 417 1441 476 omnibns
1455 413 1589 474 Ecclesiis
1603 411 1713 470 doceo·
1735 413 1772 471 Ut
1780 413 1911 484 suadeat,

262 511 399 586 conjugiis
428 511 513 570 licitis
526 511 583 568 nati
611 518 693 567 sunt:
722 505 828 578 etqnia
852 503 904 560 sub
918 503 1057 560 Creatoris

263 605 440 662 ueneratione
464 605 522 661 nati
548 608 615 661 sunt
639 597 815 672 propensiore
830 611 864 651 ex
879 603 965 666 parte.
987 594 1058 662 Quia

262 693 335 751 sicut
350 692 488 766 quidquid
498 709 545 767 per
560 689 760 749 dedicationem
777 685 913 741 idolorum
930 683 961 740 m
985 683 1055 754 (44),

263 781 437 839 imnrundnm
454 791 511 849 est;
529 783 568 837 its
581 776 717 851 quidquid
728 774 780 831 sub
795 773 844 831 Dei
854 773 986 830 creatoris
997 787 1057 844 pro-

262 871 381 930 fessione
395 872 436 940 srt,
457 878 581 928 sanctum
597 874 648 924 est.

300 961 453 1032 (Versld.)
476 982 485 1006 ι
499 956 579 1024 Quod
594 955 617 1012 sl
633 953 754 1011 inlidelis
765 950 893 1020 discedit,
907 951 1051 1007 discedat·

261 1048 434 1120 Propositum
467 1045 609 1118 religionis
640 1041 774 1110 custodit,
812 1039 1000 1115 precipiendo
1024 1053 1060 1095 ne

262 1135 413 1194 Christiani
432 1136 590 1206 relinquant
603 1130 748 1204 conjugia:
765 1130 811 1186 sed
821 1129 845 1186 si
859 1128 981 1185 infidelis
995 1127 1059 1184 odio

261 1225 312 1283 Dei
328 1222 456 1290 discedit,
472 1221 562 1278 fidelis
575 1236 631 1278 nou
645 1221 699 1275 erit
728 1235 790 1276 reus
815 1218 944 1275 dissoluti
959 1217 1059 1273 matri-

263 1311 369 1380 monii;
386 1310 474 1383 maior
487 1310 562 1367 enim
583 1325 665 1368 causa
677 1309 728 1366 Dei
742 1316 782 1365 est
802 1324 883 1381 qnam
911 1307 1061 1363 matrimo-

261 1416 313 1457 mr.

299 1489 357 1560 (28,
371 1505 399 1562 q.
409 1489 438 1558 2,
452 1503 477 1546 o.
491 1486 669 1560 Sia'nfidalis.)
690 1511 699 1534 ι
714 1486 773 1542 Non
786 1485 910 1542 esteulm
924 1483 1061 1542 frateraut

261 1576 479 1635 sororservituti
493 1575 633 1647 subjectus
654 1575 684 1631 ln
698 1573 897 1646 hujusmodi.»
920 1573 979 1631 lloe
1006 1581 1059 1642 est,

262 1681 318 1722 non
338 1665 455 1722 debetur
464 1663 619 1721 reverentia
633 1661 756 1735 conjugii
765 1662 791 1718 ei
801 1660 849 1736 qui
860 1660 955 1718 horret
968 1668 1060 1719 auoto-

1112 521 1168 563 non
1182 522 1212 562 se
1224 507 1304 564 aliter
1318 507 1362 564 his
1370 507 1475 565 tradere
1490 521 1574 579 quam
1588 500 1696 560 caeteris
1712 520 1719 569 ;
1737 509 1768 559 ut
1783 518 1849 560 cum
1860 520 1912 560 cas·

1112 601 1186 652 teros
1200 595 1283 668 hugus
1297 597 1361 653 lidei
1377 596 1430 654 hoo
1444 595 1538 653 doceri
1553 591 1682 659 audiunt,
1693 591 1851 665 promptius
1864 609 1915 650 as-

1113 692 1264 754 sequantur
1290 685 1380 744 Facile
1408 685 1482 741 enim
1498 683 1561 758 quis
1584 679 1746 749 inclinatur,
1762 680 1786 736 si
1809 680 1915 739 viderit

1113 773 1220 828 socium
1236 777 1415 832 consensisse.

1152 862 1243 934 (Vere.
1256 859 1635 934 {opulentissimusque
1650 867 1765 916 vocatus
1779 869 1820 918 est
1830 861 1915 919 iNon

1114 948 1233 1006 adducat
1257 952 1460 1024 praeputium.»
1483 951 1541 1007 lloe
1556 957 1608 1018 est,
1628 949 1703 1021 qnod
1722 949 1804 1018 dixit,
1820 959 1851 1008 ut
1876 951 1917 1008 ita

1115 1039 1248 1108 ambulet,
1265 1041 1337 1097 sicut
1351 1050 1465 1097 vocatus
1480 1046 1521 1096 ost
1537 1045 1588 1106 ;ut
1606 1043 1678 1100 135
1700 1037 1810 1097 tudens
1823 1040 1917 1098 lactus

1116 1135 1289 1194 Christianus
1303 1153 1358 1193 non
1372 1143 1449 1208 putet
1461 1152 1490 1191 se
1500 1135 1571 1190 torte
1581 1134 1737 1206 indignum,
1753 1136 1819 1208 quia
1834 1153 1915 1209 prae-

1116 1225 1225 1297 putium
1240 1223 1400 1293 nonhabet,
1417 1224 1486 1281 dans
1501 1223 1615 1294 gloriam
1633 1223 1776 1296 praeputio.
1793 1225 1835 1280 «ln
1846 1241 1916 1298 pre·

1116 1314 1194 1385 putio
1216 1314 1279 1386 quis
1298 1320 1411 1369 vocatus
1428 1312 1493 1368 esti
1515 1327 1572 1367 non
1590 1310 1814 1368 circumcidatur.
1841 1336 1851 1360 ι
1881 1313 1917 1369 Ut

1116 1400 1227 1473 gentilis
1241 1409 1354 1458 vocatus
1370 1417 1426 1457 non
1441 1400 1559 1457 aestimet
1574 1416 1602 1455 se
1616 1398 1716 1456 debere
1736 1399 1915 1468 circumcidi,

1116 1505 1165 1562 per
1178 1489 1207 1546 id
1219 1506 1288 1563 quos
1302 1489 1376 1546 lilios
1390 1489 1510 1547 Abrahae
1524 1487 1601 1545 audit
1617 1487 1749 1560 praeponi.
1766 1488 1820 1545 Nec
1834 1489 1912 1545 enirn

1116 1578 1182 1652 quia
1191 1578 1348 1635 circumcisi
1356 1585 1643 1650 sunt,praeponuntur,
1659 1575 1706 1634 sed
1717 1575 1817 1633 merito
1829 1576 1917 1634 Abra·

1117 1666 1171 1736 hae,
1188 1667 1269 1740 cujus
1283 1667 1335 1724 lilii
1348 1667 1454 1724 suntin
1469 1675 1596 1741 utroque,
1613 1666 1635 1723 si
1651 1666 1764 1724 credaut
1781 1684 1787 1723 ε
1817 1666 1841 1724 si
1860 1682 1917 1740 quo

261 1771 319 1814 rem
334 1754 469 1828 conjugii;
487 1754 632 1811 nonenim
663 1761 752 1810 ratum
768 1759 809 1809 est
840 1751 1061 1822 matrimonium,
1076 1771 1100 1832 Β
1117 1757 1220 1826 minus,
1233 1756 1338 1831 pejores
1350 1766 1432 1814 erunt
1446 1757 1616 1829 gentilibns;
1632 1755 1754 1812 deterius
1774 1762 1816 1812 est
1838 1755 1915 1812 enim

262 1843 336 1918 quod
350 1843 411 1900 sine
436 1843 487 1901 Dei
514 1841 662 1899 devotione
677 1848 729 1911 est,
745 1856 777 1897 ac
804 1857 853 1914 per
866 1841 919 1898 hoc
947 1849 1059 1898 nonest
1113 1845 1197 1903 luisse
1211 1854 1240 1903 et
1258 1863 1313 1903 non
1328 1863 1398 1913 esse,
1414 1863 1496 1920 quam
1516 1862 1657 1918 nunquam
1672 1845 1767 1902 luisse.

262 1941 403 2008 peccatum
419 1934 445 1991 ei
459 1934 508 2008 qni
522 1934 676 1991 dimittitur
689 1941 800 2006 propter
814 1935 913 2002 Deum,
928 1932 952 1990 si
967 1933 1014 1990 alii
1030 1950 1059 1992 se
1149 1937 1242 2012 (Vers.
1257 1937 1314 2010 te.)
1336 1959 1346 1982 ι
1362 1935 1544 1994 Circumcisio
1558 1935 1628 1992 nihil
1641 1943 1691 2004 est,
1708 1943 1735 1992 et
1748 1933 1915 2008 preputium

259 2021 395 2096 junxerit.
413 2023 588 2083 Contumelia
599 2025 674 2080 enim
689 2023 826 2081 Creatoris
841 2023 925 2080 solvit
935 2022 982 2096 jus
1003 2039 1059 2080 ma·
1113 2025 1185 2081 nihil
1206 2033 1284 2083 est.»
1312 2025 1490 2082 Manifestum
1515 2034 1565 2094 est,
1591 2025 1657 2099 quia
1675 2040 1727 2081 nec
1743 2023 1831 2093 obest,
1862 2041 1914 2082 nec

261 2112 388 2170 trimonii
398 2113 471 2171 circa
481 2129 544 2170 enm
555 2112 602 2186 qui
617 2113 795 2186 relinquitur,
809 2129 844 2169 ne
858 2122 1001 2170 accusetur
1009 2114 1058 2170 alii
1113 2115 1234 2187 prodest.
1256 2114 1332 2172 «Sed
1345 2115 1501 2172 obseruatio
1513 2114 1705 2172 mandatorum
1720 2114 1805 2183 pei„
1823 2113 1913 2183 idest,

261 2203 416 2276 copulatus.
431 2204 554 2261 lnlidelis
568 2212 659 2260 autem
674 2202 830 2269 discedens,
850 2209 877 2258 et
891 2203 921 2260 iu
935 2204 1060 2260 Deumet
1113 2202 1181 2260 fides
1195 2204 1346 2277 propitium
1362 2204 1428 2262 lacit
1442 2207 1542 2275 Deum,
1570 2205 1595 2261 si
1619 2204 1700 2262 bonis
1719 2203 1850 2277 oporibus
1865 2219 1914 2277 ap·

262 2295 291 2352 in
307 2297 514 2354 matrimonium
539 2311 649 2369 peccare
675 2293 858 2366 dignoscitur,
883 2295 948 2368 quia
969 2294 1060 2351 noluit
1113 2293 1254 2366 probetur.

262 2385 313 2442 sub
328 2385 378 2444 Dei
393 2385 540 2444 devotione
551 2383 650 2444 babere
663 2383 833 2457 conjugium.
849 2384 1008 2456 ltaquenon
1018 2391 1059 2441 est
1150 2385 1241 2456 (Vers.
1258 2385 1303 2455 20,
1318 2385 1378 2458 ll.)
1395 2409 1405 2433 ‹
1421 2385 1613 2460 Unusquisque
1629 2383 1658 2440 in
1670 2400 1702 2441 ea
1712 2383 1872 2454 vocatione,
1884 2385 1917 2440 in

263 2475 289 2532 ei
314 2474 383 2531 fides
405 2475 540 2532 servanda
560 2473 694 2548 conjugii,
721 2475 785 2548 qnia
809 2475 871 2532 ideo
900 2475 1012 2532 recessit
1025 2491 1059 2531 ne
1113 2481 1354 2546 quavocatusest,
1376 2475 1406 2531 in
1428 2475 1488 2547 ipsa
1506 2482 1699 2548 permaneat·
1728 2474 1785 2532 lloo
1804 2473 1916 2542 lirmat,

262 2564 373 2621 audiret
386 2563 588 2635 auctoremllb)
597 2563 884 2622 esseChristianorum
895 2566 983 2622 Deum
994 2582 1058 2621 con·
1114 2564 1188 2637 quod
1202 2581 1285 2638 supra
1299 2564 1382 2622 dixit.
1406 2591 1416 2613 «
1430 2565 1532 2622 Servus
1547 2573 1661 2622 rosetus
1674 2565 1795 2621 esiNou
1809 2565 1847 2623 sit
1860 2562 1914 2620 tibi

262 2653 419 2728 jogliNam
429 2655 451 2711 si
461 2653 563 2711 Esdras
570 2653 676 2711 dimitti
688 2653 754 2710 lecit
765 2671 865 2710 uxores
878 2663 926 2712 aut
936 2655 1059 2711 virosin·
1113 2667 1186 2709 ouras
1197 2671 1202 2708 :
1215 2653 1263 2709 sed
1278 2655 1337 2709 etsi
1349 2663 1426 2726 potes
1437 2654 1507 2711 liber
1521 2653 1593 2722 fieri,
1609 2654 1790 2726 magisutere.
1807 2679 1816 2702 ι
1838 2653 1914 2708 llor-

264 2742 359 2800 fideles
377 2744 438 2814 (lll
448 2745 576 2812 Badrin,
591 2745 630 2816 a),
646 2751 676 2798 ut
684 2743 819 2817 propitius
833 2743 911 2801 lieret
924 2747 1061 2812 Deus,nec
1114 2748 1188 2798 tatur
1202 2743 1545 2800 utbeneservieusdeDei
1560 2743 1660 2799 timore
1671 2741 1775 2798 carnali
1787 2740 1912 2808 domino,

266 2833 352 2891 iratus
367 2843 448 2904 esset,
469 2835 492 2890 si
507 2835 575 2891 alias
589 2851 624 2890 ex
640 2851 737 2908 genere
749 2852 800 2891 suo
814 2836 971 2909 acciperent
982 2855 990 2904 ;
1003 2853 1059 2892 non
1113 2830 1229 2903 dignum
1243 2849 1272 2888 se
1281 2832 1364 2889 iaciat
1379 2833 1517 2902 libertate,
1534 2849 1568 2890 ne
1581 2833 1697 2890 audiens
1711 2833 1800 2890 lorte:
1819 2858 1829 2881 ι
1852 2835 1912 2892 Ser·

262 2924 338 2979 enim
352 2923 392 2979 ita
409 2932 573 2995 preceptum
598 2924 643 2980 his
662 2935 713 2991 est,
728 2932 759 2979 ut
773 2925 895 2981 remissis
905 2917 976 2993 istis,
992 2927 1059 2982 alias
1114 2938 1166 2977 vus
1178 2931 1293 2980 vocatus
1308 2923 1360 2979 esi
1374 2923 1435 2980 Non
1453 2923 1506 2979 tibi
1530 2924 1567 2980 sit
1589 2939 1680 2991 curar;
1698 2947 1708 2971 »
1730 2922 1915 2994 negligentior

263 3011 379 3067 minime
393 3011 544 3068 ducerent:
560 3020 664 3084 quanto
679 3013 766 3084 magis
782 3012 806 3068 si
822 3012 942 3069 infidelis
951 3014 1061 3071 disces-
1113 3022 1184 3069 esset
1195 3012 1366 3070 oiroabonos
1380 3021 1458 3071 actus
1474 3011 1593 3069 carnalis
1608 3010 1723 3080 domini,
1738 3021 1767 3068 et
1781 3011 1917 3070 doctrina

262 3101 338 3170 serit,
353 3101 471 3158 liberum
484 3101 595 3159 habebit
610 3102 769 3172 arbitrium,
784 3104 807 3159 si
819 3103 941 3159 voluerit
955 3104 1058 3162 nubere
1075 3134 1098 3197 G
1114 3100 1218 3159 Christi
1236 3102 1486 3177 blasphemaretur,
1499 3112 1526 3159 et
1543 3118 1595 3158 noc
1618 3101 1664 3158 ille
1687 3103 1773 3158 mum
1797 3117 1915 3174 prome-

262 3189 330 3262 legis
343 3206 399 3247 suae
419 3191 505 3248 viro?
523 3190 676 3248 llludenim
691 3206 746 3248 nou
761 3190 842 3247 debet
857 3193 987 3264 imputari
1003 3210 1058 3250 ma·
1113 3199 1199 3260 retur,
1215 3193 1262 3266 qui
1280 3193 1310 3248 in
1334 3193 1378 3249 his
1401 3194 1518 3249 terrenis
1538 3191 1608 3248 bene
1622 3190 1754 3259 serviens,
1779 3190 1914 3247 meritum

260 3280 435 3348 trimonium,
451 3279 525 3354 quod
539 3289 619 3336 extra
632 3281 775 3338 decretum
790 3282 839 3338 Dei
857 3282 962 3340 lactum
990 3293 1053 3342 est:
1113 3281 1167 3336 sibi
1182 3283 1299 3338 collocat
1309 3282 1379 3354 apud
1390 3281 1567 3355 Deum:quia
1578 3280 1654 3337 dixit
1671 3278 1822 3337 Dominus:
1841 3279 1916 3348 «Qui

199 3427 203 3436 ,
259 3369 385 3429 sedcum
411 3380 474 3444 post
497 3372 638 3447 cognoscit
665 3381 692 3430 et
715 3371 833 3430 doletse
856 3373 1059 3448 deliquissem
1114 3369 1144 3426 in
1160 3371 1276 3426 minimo
1291 3371 1446 3440 desiisset,
1461 3379 1488 3428 et
1507 3371 1536 3427 in
1552 3387 1650 3443 magno
1666 3370 1815 3444 (Lac.rvr,
1830 3369 1901 3440 40)·

260 3459 397 3530 emendat,
415 3468 447 3518 ut
466 3462 575 3518 veniam
592 3469 739 3519 mereatur.
751 3463 780 3519 Si
794 3470 885 3519 autem
901 3463 981 3519 ambo
995 3481 1059 3521 ere-
1150 3461 1241 3533 (Vers.
1254 3460 1313 3533 42.)
1335 3461 1491 3528 ‹Quienim
1506 3462 1536 3517 in
1549 3459 1792 3517 Dominosocatus
1805 3465 1846 3513 est
1856 3474 1912 3514 ser-

260 3545 444 3619 diderint,per
453 3550 640 3622 cognitionem
650 3551 699 3606 Dei
707 3550 872 3606 confirmant
885 3550 1057 3624 conjugium.
1114 3564 1175 3618 vus,
1192 3549 1309 3608 libertus
1320 3559 1361 3607 est
1375 3550 1515 3608 Domini·
1534 3548 1764 3624 Ereptusenima
1778 3547 1914 3620 peccatis,

302 3658 311 3682 ι
327 3637 358 3692 ln
375 3651 440 3708 pace
456 3647 548 3694 autem
563 3641 675 3694 vocarit
690 3655 741 3695 nos
756 3642 839 3695 Deus.
855 3663 865 3688 ·
894 3639 995 3697 Verum
1006 3649 1058 3712 est,
1114 3654 1174 3712 quae
1196 3655 1259 3696 vere
1274 3656 1368 3698 servos
1378 3641 1508 3714 probant,
1523 3639 1640 3698 libertus
1650 3637 1700 3707 tit;
1713 3638 1760 3695 hic
1771 3637 1915 3694 enimom-

261 3727 398 3799 quianon
413 3737 520 3802 oportet
536 3729 644 3802 litigare
657 3747 720 3789 oum
735 3746 767 3788 eo
780 3732 828 3804 qui
843 3730 962 3789 discedit
972 3751 983 3798 ,·
994 3733 1060 3806 quia
1113 3727 1182 3782 uiuo
1200 3742 1295 3784 servus
1310 3735 1360 3796 est,
1378 3729 1426 3802 qui
1440 3727 1631 3802 imprudenter
1646 3728 1712 3800 agit,
1728 3727 1801 3784 sicut
1816 3733 1843 3784 et
1859 3741 1913 3782 ve-

260 3817 325 3876 odio
341 3817 391 3876 Dei
403 3816 533 3886 discedit,
548 3836 580 3878 ao
596 3837 644 3894 por
657 3820 711 3880 boo
724 3821 888 3895 praedignus
916 3821 1059 3880 habendus
1113 3816 1219 3873 teribus
1234 3817 1349 3890 placuit,
1360 3818 1409 3891 qui
1423 3834 1520 3876 omnes
1532 3819 1670 3892 sapientes
1685 3818 1786 3876 liberos
1813 3817 1916 3889 appel-

259 3916 310 3967 stt.
1115 3905 1218 3976 larunt,
1235 3907 1425 3982 imprudentes
1439 3918 1530 3966 autem
1553 3924 1649 3965 omnes
1672 3923 1776 3964 servos.
1793 3905 1873 3963 Unde
1887 3913 1916 3961 et

296 3997 388 4071 (Vere.
411 3995 469 4072 lo.)
487 3997 570 4069 «Quid
585 3999 854 4069 enimsois,mnlier,
870 3999 893 4057 si
904 4000 996 4058 virum
1008 4000 1059 4057 sal-
1114 3995 1261 4054 Salomon:
1286 3998 1405 4065 «Servo,
1421 3999 1523 4073 inquit,
1547 3997 1666 4070 sapienti
1692 3995 1772 4053 liberi
1791 3993 1916 4052 servient

260 4102 326 4144 vum
339 4085 425 4146 iacies
439 4085 453 4144 i
468 4095 516 4144 tut
530 4087 603 4144 undo
616 4087 680 4157 scis,
704 4088 757 4157 vir,
774 4087 799 4145 si
813 4104 928 4146 uxorem
954 4090 1058 4146 salvam
1115 4087 1211 4160 (Eroti.
1229 4105 1258 4158 x,
1275 4087 1336 4162 28).
1355 4114 1364 4140 ι
1386 4089 1438 4150 Hic
1448 4106 1512 4163 ergo
1525 4089 1573 4164 qui
1584 4089 1683 4157 credit,
1698 4087 1750 4145 etsi
1768 4100 1866 4142 seruus
1876 4085 1913 4141 sit

260 4177 365 4236 iacies?
380 4203 390 4229 s
412 4178 471 4236 Hoo
484 4178 565 4248 dicit,
581 4179 646 4253 quia
659 4179 731 4236 lorto
745 4188 861 4252 possunt
875 4179 998 4248 credere,
1011 4179 1059 4253 qui
1113 4176 1148 4233 ad
1160 4185 1287 4249 tempus;
1303 4179 1368 4251 quia
1383 4195 1440 4236 rem
1454 4180 1522 4236 iacit
1535 4178 1711 4252 prudentem,
1727 4183 1757 4233 ut
1775 4173 1870 4233 credat
1885 4173 1915 4230 in

259 4281 316 4322 non
329 4266 444 4324 horrent
459 4283 560 4326 nomen
579 4268 684 4328 Christi
699 4268 769 4341 (46).
1114 4264 1386 4338 Christum,libertus
1398 4269 1562 4326 litllomini.
1574 4268 1603 4326 Si
1616 4284 1681 4341 ergo
1696 4272 1808 4340 peecata
1816 4279 1915 4320 servos

297 4354 389 4426 (Vers.
405 4357 462 4427 17.)
485 4382 494 4404 ι
510 4358 569 4414 Nisi
586 4359 736 4432 unicnique
749 4358 821 4416 siout
836 4356 934 4414 divisit
944 4359 1025 4414 Deus.
1044 4384 1052 4407 ι
1113 4355 1230 4426 iaciunt,
1245 4359 1317 4415 sicut
1331 4359 1418 4416 Chom
1433 4359 1508 4415 lilius
1523 4361 1581 4417 Noe
1595 4357 1699 4432 peccati
1714 4365 1740 4413 et
1750 4353 1915 4426 impruden·

263 4443 368 4502 Divisit
398 4444 551 4517 unicuique
568 4447 987 4522 Dominus,quandosalretur,
1007 4447 1060 4505 hoo
1113 4443 1159 4500 tia
1178 4461 1259 4502 causa
1276 4447 1364 4504 lactus
1384 4455 1426 4504 est
1446 4463 1566 4514 servus;
1592 4443 1729 4520 cumquis
1745 4440 1915 4514 accipitre-

264 4535 379 4602 est,scit
396 4533 507 4606 quando
533 4544 623 4606 potest
636 4537 758 4605 credere,
787 4545 814 4592 et
827 4537 944 4594 sustinet
966 4537 1057 4594 illum.
1114 4534 1273 4592 missionem
1290 4547 1473 4610 peccalorum,
1489 4534 1749 4593 libertusellicitur.

259 4621 296 4680 Et
310 4622 357 4680 hic
371 4623 657 4698 docetexspeotendos
669 4641 726 4692 eos,
737 4642 788 4683 nec
800 4626 959 4684 scandalum
970 4627 1003 4684 de
1014 4628 1058 4685 his
1156 4625 1322 4683 «Similiter
1348 4627 1396 4700 qui
1413 4627 1484 4683 liber
1516 4634 1629 4684 vocatus
1659 4630 1710 4693 est,
1743 4635 1840 4679 servus
1872 4625 1916 4674 est

260 4714 318 4788 pati
333 4712 441 4785 debere,
468 4715 534 4792 quia
548 4715 729 4773 custodienda
743 4723 783 4773 est
811 4734 871 4791 spes
886 4718 996 4774 illorum
1011 4736 1018 4786 ;
1034 4717 1057 4774 si
1113 4714 1226 4773 Christi.
1255 4743 1264 4766 ι
1294 4715 1436 4774 Proiectus
1460 4724 1501 4774 est
1528 4733 1563 4773 ex
1596 4715 1684 4772 libero
1712 4725 1823 4769 seruum
1851 4705 1916 4762 lieri

259 4803 335 4861 euim
351 4804 402 4878 ipsi
417 4805 603 4876 discesserint,
619 4808 852 4866 dissimulandum
867 4809 965 4866 abhis.
1112 4803 1234 4862 Christi:
1251 4805 1322 4862 liber
1336 4807 1411 4862 enirn
1424 4814 1482 4863 erat
1510 4823 1526 4862 a
1556 4806 1623 4871 Deo,
1651 4802 1724 4876 qnod
1753 4798 1910 4856 maximum

302 4893 1050 4969 ‹UnumquemquegicutvocgvitDeus‚itaambulet.»
1112 4894 1216 4950 crimen
1248 4903 1314 4952 esi:
1352 4903 1379 4952 el
1407 4897 1470 4952 ideo
1501 4895 1601 4952 amissa
1622 4897 1755 4951 amaraet
1773 4885 1916 4946 contraria

259 4983 318 5042 lioc
334 4992 384 5052 est,
400 4994 431 5044 ut
445 4985 468 5042 si
485 4987 662 5045 matrimonio
675 4988 790 5062 junctus
814 4998 855 5046 est
882 4990 929 5064 qui
958 4989 1055 5059 credit,
1112 4983 1248 5054 libertale,
1273 4986 1461 5042 conditionem
1492 4987 1661 5043 ⁵0¹'lllusesl
1682 4997 1742 5056 llllae
1758 4977 1915 5052 llf⁰d⁰⁸⁵0b

260 5089 316 5133 non
330 5073 447 5144 deserat,
463 5091 551 5150 neque
566 5077 620 5146 vir,
637 5093 724 5151 neque
736 5078 836 5135 mulier
852 5121 858 5146 ,
876 5079 924 5136 sed
939 5079 979 5135 sic
992 5093 1057 5136 ma·
1111 5073 1183 5130 sicul
1196 5075 1265 5132 dicit
1292 5075 1445 5132 Dominus:
1473 5075 1573 5133 Tollite
1584 5075 1682 5148 lutum
1710 5084 1802 5126 meum
1830 5079 1916 5137 ⁸¹¹P0f

259 5174 333 5235 uest,
346 5164 405 5222 sive
419 5165 542 5236 iudeus,
556 5166 615 5224 sive
626 5167 747 5226 Craeous.
1112 5181 1171 5235 vos,
1189 5166 1254 5239 quia
1267 5180 1351 5222 suave
1373 5172 1432 5223 est:
1449 5173 1476 5223 et
1497 5182 1566 5223 onus
1587 5179 1691 5232 meum,
1706 5159 1772 5235 quia
1791 5157 1853 5213 leve
1872 5160 1917 5211 est

295 5381 342 5456 (44
370 5381 503 5440 Nonnulli
519 5399 596 5453 mss,
610 5383 741 5455 quidquid
762 5383 953 5456 predicatione
973 5385 1056 5444 idolo·
1110 5385 1141 5441 in
1155 5401 1220 5441 mss.
1237 5384 1318 5442 Corb.
1340 5384 1520 5441 desideratur.
1744 5447 1749 5461 ¹

257 5471 320 5512 rena
354 5461 373 5512 t.
1148 5457 1206 5528 (46)
1223 5457 1301 5513 llom.
1317 5455 1458 5529 edit.,qci
1474 5470 1543 5510 nanc
1566 5453 1696 5518 borrent;
1714 5447 1775 5506 alte
1800 5462 1914 5522 omnes,

296 5525 356 5607 (45)
372 5527 413 5586 lta
427 5521 495 5586 edit.
515 5541 622 5597 omnes,
637 5533 664 5584 et
679 5541 745 5585 mss.
761 5528 886 5601 aliquot:
902 5529 949 5585 alii
965 5538 1055 5588 autem
1110 5545 1142 5586 ac
1154 5545 1231 5597 mss,
1247 5529 1293 5600 qui
1306 5545 1360 5586 aon
1378 5529 1497 5596 horreat,
1507 5525 1610 5599 quihus
1617 5523 1694 5582 addit
1704 5522 1792 5580 codex
1807 5519 1911 5596 Corb,

259 5613 356 5668 magon
371 5614 497 5666 numero,
515 5616 547 5655 ns
568 5599 674 5656 audiret
694 5605 829 5670 rectorem,
849 5609 902 5658 etc.
914 5601 1056 5675 Quidquid
1110 5602 1224 5658 credere.

259 5679 324 5728 tero
339 5666 414 5728 huno
431 5687 543 5731 sensum
557 5671 683 5747 sequeitur
697 5687 783 5748 utque
797 5673 832 5732 ad
846 5673 880 5732 In
888 5690 954 5748 poce
966 5680 1056 5733 ocem
1157 5689 1169 5708 ’
