4038 6168
250 169 301 228 etl
762 171 809 226 AD
828 167 946 227 oraha
964 167 992 225 S.
1012 167 1180 226 Altaaostl
1197 167 1386 226 APPENIllX.
1850 169 1905 226 972

250 309 402 368 resurgere,
417 300 449 349 at
472 292 524 352 hoc
546 293 619 351 iacto
641 291 749 350 lacilias
764 292 891 350 homiues
903 291 1046 367 decipiat:
1063 298 1088 357 A
1103 310 1168 367 pore
1184 293 1355 352 necessitatis
1380 309 1437 362 eos,
1455 293 1503 366 qui
1520 292 1738 353 Christianitatis
1754 295 1837 353 lidetn
1851 315 1908 356 oc-

251 382 326 458 quod
339 383 435 440 Simon
450 398 543 454 magus
557 381 653 438 fecisse
666 379 778 440 dicitur.
1103 383 1177 441 calte
1192 397 1300 441 servare
1314 381 1465 451 voluerint,
1482 382 1700 456 deprehendant.

287 473 380 548 (Vera.
404 472 461 544 la.)
484 473 523 529 El
545 473 636 529 dolum
659 479 697 529 est
712 473 756 530 itta·
775 477 806 528 ut
826 472 902 530 daret
925 473 1050 546 spiritam
1142 471 1524 548 (testamenmentum
1551 479 1597 530 est.
1625 473 1676 542 Qut
1694 475 1770 531 hobel
1791 477 1908 533 intellec·

249 563 359 636 imopini
377 562 473 628 hestia,
488 568 513 617 et
534 567 565 619 ut
590 564 715 636 loquatur
737 563 824 636 imago
845 563 940 620 hestia.
954 563 1007 621 Sed
1022 571 1049 621 el
1104 569 1170 630 tom,
1184 569 1314 636 computet
1335 578 1477 620 nemetum
1493 563 1581 620 batia
1595 582 1602 633 ;
1618 580 1745 621 cameram
1762 566 1831 622 enim
1851 569 1911 623 lao-

249 653 302 710 hoc
321 652 453 727 quosdam
480 669 573 727 magos
594 653 692 712 fecisse
714 653 891 722 audirimus;
912 653 1050 711 iaciebant
1102 654 1183 711 minis
1202 661 1251 723 est,
1267 660 1291 710 et
1304 670 1431 710 numeras
1445 654 1503 725 aas
1517 661 1554 710 est
1568 655 1682 711 recreati
1695 657 1833 728 sexaginta
1846 674 1909 714 sea.

248 743 354 819 quippe
374 760 423 818 per
444 745 679 803 necromanticam
696 753 794 816 artem,
807 752 839 803 at
853 752 949 804 statuae
966 743 1050 801 vide-
1103 745 1143 801 De
1162 744 1216 802 hoc
1239 761 1355 801 numero
1383 744 1466 801 multi
1495 745 1583 801 multa
1609 744 1750 815 dixerunt,
1770 747 1911 820 pluraque

248 843 344 891 rentur
359 834 465 892 moveri
480 842 507 892 et
521 835 607 909 loqui.
623 836 772 893 Possumus
791 836 843 892 hoc
863 835 944 893 aliter
961 835 1050 892 intel·
1104 835 1217 891 nomina
1240 843 1413 908 repererunt,
1448 835 1478 890 ia
1506 851 1622 908 quoram
1653 834 1753 892 litteris
1780 834 1827 893 hic
1853 854 1912 894 nn·

248 925 341 998 ligere.
359 927 451 1000 Imago
466 926 585 1000 speciem
608 926 693 984 habet
707 927 840 997 hominis,
856 927 904 985 sed
926 945 984 986 aon
1008 935 1049 984 est
1104 938 1195 980 meras
1211 924 1366 983 invenitur.
1381 926 1484 984 Tamen
1493 925 1518 983 si
1526 923 1640 998 aliquod
1650 941 1685 980 en
1698 925 1734 981 iis
1743 927 1912 986 trominibus

247 1013 332 1072 homo
345 1034 350 1072 :
363 1015 493 1074 similiter
501 1024 528 1073 et
539 1016 728 1075 Antichristus
741 1025 852 1091 propter
861 1017 1047 1090 operationem
1102 1012 1293 1072 Antichristus
1313 1015 1460 1090 possideat,
1485 1013 1637 1089 praevidere
1656 1032 1712 1073 noa
1727 1024 1883 1094 potuerant
1903 1036 1912 1076 τ

246 1107 384 1166 virtutum
406 1117 487 1184 atque
509 1110 651 1185 siguomm
667 1111 810 1186 putabitur
825 1127 882 1168 esse
902 1113 986 1182 Deus,
1001 1112 1048 1170 sed
1102 1101 1150 1158 Sed
1178 1101 1211 1158 de
1227 1121 1256 1161 re
1280 1111 1339 1161 tam
1362 1105 1469 1164 invilla
1490 1103 1563 1162 nihil
1586 1104 1674 1163 assdw
1694 1104 1818 1164 definite·
1834 1107 1914 1176 Quis

245 1197 300 1256 hoc
314 1198 496 1258 falsissimum
511 1201 574 1272 erit,
586 1201 727 1258 nonenim
741 1209 830 1275 potest
844 1201 905 1259 fieri
918 1210 950 1259 at
964 1201 1048 1260 homo
1102 1191 1177 1249 Olim
1191 1196 1254 1263 ὅθί),
1265 1195 1288 1251 Si
1303 1211 1404 1252 nomen
1420 1195 1493 1269 quod
1503 1195 1529 1251 θί
1539 1213 1555 1253 ²
1564 1195 1724 1269 parentibus
1734 1197 1913 1271 imponetur,

246 1286 429 1362 impiissimus
442 1289 548 1364 aliquid
559 1291 672 1350 deitatis
685 1291 716 1348 ia
733 1309 761 1349 sa
773 1292 882 1350 habeat.
897 1292 1047 1364 Imaginem
1102 1283 1177 1340 hunc
1195 1300 1341 1341 numerum
1356 1285 1524 1342 contineat?

247 1393 311 1450 ergo
333 1377 500 1436 Antichristi
522 1378 634 1449 facient,
648 1380 696 1454 qai
719 1396 782 1437 eam
800 1383 889 1439 Ileam
904 1379 1046 1438 existima·
1137 1372 1252 1431 CAPUT
1267 1373 1343 1433 XlV.
1358 1405 1394 1417 -
1408 1374 1500 1449 (llere.
1518 1375 1559 1448 l.)
1574 1377 1611 1434 Et
1623 1376 1688 1446 cidi,
1703 1384 1728 1433 et
1744 1395 1796 1434 ecce
1808 1377 1914 1450 nanus

244 1467 338 1524 haut:
357 1467 480 1525 ministri
501 1485 568 1527 vero
588 1467 755 1527 Antichristi
778 1469 908 1543 spiritam
930 1469 1046 1542 imagini
1100 1463 1189 1520 tubal
1215 1479 1299 1536 eapte
1327 1469 1440 1520 moelem
1468 1465 1541 1523 Sion.
1566 1465 1595 1522 Si
1623 1465 1770 1541 diligenter
1793 1476 1912 1526 textum

244 1556 340 1615 bestia
363 1558 481 1629 dabant,
494 1576 559 1617 cam
582 1575 628 1616 eos
650 1559 698 1633 qni
722 1559 890 1618 crediderint
911 1559 942 1616 in
968 1559 1046 1617 Anti·
1101 1553 1229 1612 lectionis
1242 1555 1382 1630 sequentis
1396 1554 1655 1629 inspiciamus,haec
1668 1575 1728 1632 qaae
1741 1557 1773 1616 de
1787 1566 1911 1616 centum

244 1646 391 1718 christum,
414 1646 556 1706 Christum
586 1648 778 1723 blasphemare
805 1649 980 1723 compellent.
1009 1649 1048 1706 nt
1060 1685 1084 1746 B
1101 1644 1281 1719 quadraginta
1304 1653 1422 1721 quatuor
1447 1647 1572 1706 millibus
1581 1647 1724 1720 dicuntur,
1751 1649 1785 1706 ad
1799 1651 1913 1708 electos

243 1737 325 1810 societ
338 1739 527 1810 etquicunque
547 1756 601 1796 noc
623 1740 779 1798 adoraverit
792 1740 933 1814 imaginem
946 1739 1043 1808 hestiae,
1100 1735 1202 1809 potius,
1213 1753 1342 1810 .qaomm
1357 1737 1456 1796 aalma
1479 1737 1509 1795 in
1532 1739 1636 1796 caelesti
1651 1737 1819 1797 beatitudine
1834 1758 1911 1798 cum

243 1830 389 1886 occidatur.
406 1830 513 1887 Fideles
536 1831 586 1907 qui
607 1832 812 1891 Antichristum
835 1833 949 1890 adorare
965 1833 1043 1890 nolu·
1102 1826 1221 1883 Domino
1236 1827 1388 1898 exsultant,
1405 1843 1487 1902 quam
1506 1827 1542 1885 ad
1556 1829 1665 1902 eosqui
1680 1827 1710 1885 iu
1724 1827 1774 1886 hae
1788 1830 1849 1886 rita
1865 1831 1911 1886 la-

243 1918 327 1988 eriat,
352 1917 471 1977 diversis
493 1920 582 1993 prauis
602 1923 732 1980 macerati
755 1922 974 1992 interficientar;
991 1923 1044 1979 erit
1096 1913 1208 1986 borant,
1231 1915 1389 1974 videbimus
1409 1917 1556 1990 pertinere.
1581 1918 1677 1992 Agnus
1701 1919 1793 1993 itaque
1811 1919 1926 2004 Chri--

243 2022 363 2080 namque
372 2007 436 2064 talis
446 2008 600 2080 tribulatio,
608 2011 681 2070 sicat
689 2012 762 2069 dixit
773 2013 906 2070 Dominus
913 2012 944 2069 la
953 2013 1043 2070 Euan·
1098 2014 1174 2064 etum
1188 2006 1364 2064 demonstrat
1378 2027 1385 2064 :
1401 2007 1469 2066 Sion
1484 2016 1576 2066 autem
1593 2009 1743 2083 speculatio
1760 2010 1913 2084 interpre-

243 2096 325 2171 gelio,
341 2097 430 2172 qualis
445 2114 500 2155 nou
515 2098 570 2156 fuit
583 2097 618 2156 ab
633 2099 727 2172 initio,
740 2101 898 2177 aequefiet,
914 2101 954 2159 ita
967 2107 999 2158 ut
1013 2101 1042 2157 in
1099 2103 1189 2155 tatur:
1212 2112 1260 2171 per
1285 2105 1407 2156 moutam
1438 2115 1505 2156 vero
1527 2100 1594 2158 Sion
1620 2100 1755 2158 coelestem
1782 2103 1912 2175 patriam

243 2202 364 2244 errorem
388 2186 558 2247 inducantur
578 2191 670 2263 electi,
692 2192 715 2249 si
737 2190 798 2250 fieri
822 2201 911 2267 potest
933 2192 1040 2266 (dicttla
1098 2185 1252 2261 intelligere
1272 2187 1414 2246 debemus.
1441 2190 1473 2246 ln
1492 2197 1585 2247 monte
1610 2190 1695 2264 igitar
1717 2191 1782 2249 Sion
1803 2192 1913 2266 dgnus

242 2293 323 2346 xxiv,
340 2276 385 2347 21,
401 2277 460 2352 24.)
608 2323 614 2328 .
1097 2277 1174 2335 visas
1188 2284 1239 2346 est,
1256 2279 1321 2351 quia
1336 2279 1365 2334 iu
1380 2280 1486 2338 coelesti
1512 2279 1687 2339 beatitudine
1708 2299 1770 2340 cum
1796 2283 1913 2341 mactis

279 2365 371 2440 (Vera.
389 2368 446 2440 76.)
461 2370 499 2426 lit
521 2368 602 2441 sucht
620 2387 708 2428 omnes
718 2372 834 2445 pastillos
847 2378 872 2430 et
884 2388 1003 2446 magnos,
1019 2379 1043 2429 et
1057 2433 1060 2440 ⁴
1096 2366 1155 2424 suis
1168 2367 1295 2426 Christus
1310 2368 1448 2426 consistit.
1475 2371 1513 2427 at
1526 2388 1584 2428 carn
1598 2371 1646 2428 illc
1660 2378 1760 2429 centurn
1774 2373 1914 2444 quodra-

242 2455 335 2514 etuas
345 2464 370 2514 et
377 2474 518 2531 pauperes,
533 2467 558 2516 et
573 2461 667 2518 literas
682 2467 708 2518 et
719 2479 817 2533 aanor,
828 2463 923 2520 tatae
936 2464 1042 2520 emeat-
1096 2457 1171 2528 ganta
1184 2463 1303 2527 cuatuor
1327 2459 1427 2526 millia,
1443 2460 1563 2518 taem
1576 2479 1669 2519 amam
1684 2461 1748 2534 aas,
1766 2469 1791 2519 et
1803 2479 1914 2520 norun

244 2557 323 2610 mem
344 2553 375 2608 itt
398 2554 508 2610 &abac
529 2572 621 2626 mono,
636 2562 684 2613 cat
706 2555 735 2612 ia
752 2556 886 2629 [rantibus
903 2557 969 2614 ania.
985 2559 1044 2616 P0-
1096 2547 1189 2604 raam
1212 2549 1268 2619 ejas
1283 2550 1411 2623 scriptam
1426 2552 1454 2607 in
1474 2551 1609 2622 frontibus
1622 2553 1686 2609 aab.
1702 2554 1734 2610 ln
1750 2554 1836 2610 tertia
1857 2555 1915 2612 vi-

243 2649 298 2700 test
308 2641 369 2699 lieri
381 2650 413 2700 at
427 2643 500 2701 sicut
512 2659 562 2701 nos
575 2644 708 2702 habemas
722 2645 908 2705 characterem
925 2646 1040 2717 Christi,
1097 2637 1175 2694 sione
1185 2655 1245 2712 (111ae
1260 2637 1332 2698 hanc
1347 2641 1489 2713 praecedit,
1506 2651 1616 2700 centum
1634 2642 1810 2717 quadraginta
1824 2661 1916 2718 qua-

244 2730 337 2802 idest,
352 2747 472 2803 crucem,
487 2733 770 2807 quasigaamur;ita
788 2735 887 2794 habeat
900 2736 1042 2795 Antiana-i.
1096 2733 1160 2784 taor
1176 2729 1265 2786 millia
1292 2747 1328 2788 ex
1350 2729 1497 2790 duodecim
1524 2731 1654 2790 tribubus
1681 2734 1765 2791 electa
1783 2732 1865 2806 (27),
1885 2746 1917 2793 et
2002 2747 2003 2832 ἰ

243 2829 302 2878 stas
316 2823 459 2896 propriam
474 2822 671 2894 characterem,
686 2843 741 2900 qao
756 2826 899 2900 signentur
912 2826 933 2883 ii
948 2825 996 2900 qui
1012 2826 1042 2883 in
1096 2817 1251 2890 signofidei
1265 2819 1370 2894 signata
1387 2820 1472 2880 luisse
1486 2821 1628 2880 dicamur.
1644 2823 1769 2896 lllaergo
1782 2831 1914 2882 centum
2002 2833 2003 2866 l

243 2911 495 2968 eumcrediderint.
511 2912 659 2971 Possumus
673 2923 701 2972 et
715 2914 768 2972 hoc
782 2916 862 2972 aliter
876 2914 1040 2989 intelligere.
1095 2909 1278 2981 quadraginta
1301 2917 1421 2984 quatuor
1438 2911 1538 2983 millia,
1562 2912 1633 2971 siout
1653 2914 1786 2987 expositio
1806 2917 1915 2974 nomi·

242 2998 380 3073 Discipuli
392 3000 559 3059 Antichristi
574 3001 730 3062 laudatores
743 3012 825 3062 erant
839 3004 982 3074 vitiorum,
993 3005 1041 3063 do·
1096 3013 1164 3054 num
1180 2996 1327 3058 duOdeaim
1344 2998 1468 3058 tribuum
1489 3001 1668 3071 demonstrat,
1685 3001 1719 3060 ed
1732 3003 1839 3060 clectos
1857 3008 1914 3080 qui

243 3089 346 3148 cebant
359 3088 434 3146 enim
450 3089 513 3147 ideo
527 3098 649 3150 creatum
671 3093 769 3151 vinam
792 3101 956 3169 caeterasque
970 3093 1042 3151 divi·
1058 3058 1081 3121 ⁰
1096 3087 1126 3145 iu
1140 3087 1193 3145 hac
1214 3088 1272 3146 vita
1287 3089 1423 3162 laborant,
1444 3092 1584 3164 pertineat
1600 3111 1606 3152 :
1627 3095 1680 3152 ista
1699 3109 1763 3150 uero
1778 3102 1908 3152 eentum

244 3179 305 3248 tias,
330 3186 361 3236 at
388 3177 515 3237 homiues
543 3180 579 3238 iis
606 3182 789 3254 abundanter,
818 3195 846 3243 et
874 3184 1042 3242 sufficienter
1096 3177 1278 3252 quadraginta
1301 3190 1420 3254 quatuor
1444 3182 1533 3240 millia
1553 3185 1663 3254 electos,
1678 3184 1726 3259 qai
1740 3184 1769 3240 ia
1784 3186 1907 3242 caelesti
2002 3191 2003 3242 l

242 3275 408 3327 uterentur:
425 3269 542 3345 iamque
553 3269 650 3328 reciso
660 3275 747 3330 asum
762 3274 892 3346 genialia
906 3275 1039 3345 mambra,
1096 3267 1182 3340 gloria
1195 3283 1258 3325 cum
1277 3268 1397 3326 Douma
1410 3271 1549 3340 lanatus,
1559 3271 1726 3345 significant,
1739 3271 1813 3328 sieut
1828 3281 1909 3330 tex-

242 3363 274 3414 ut
297 3355 424 3416 homines
448 3359 560 3416 faminis
586 3359 816 3431 estmeressewe
835 3362 912 3420 netas
935 3379 992 3420 esse
1010 3370 1042 3420 ut
1095 3361 1141 3413 tus
1167 3357 1308 3431 praesentis
1335 3360 1461 3419 lectionis
1477 3362 1620 3421 manifeste
1646 3364 1757 3422 iudicat.
1774 3363 1834 3420 Sed
1851 3383 1909 3422 aar

242 3446 344 3519 aliquis
368 3462 387 3503 ,a
415 3447 566 3505 concubitu
579 3443 730 3507 'abstineat
752 3467 759 3506 ς
787 3450 881 3507 omnia
906 3451 1042 3510 desideria
1096 3462 1197 3505 nornen
1212 3449 1301 3508 Patris
1315 3457 1342 3508 et
1356 3451 1421 3508 Filii
1435 3453 1668 3512 tantammodoia
1682 3454 1822 3512 frontibus
1841 3458 1909 3514 suis

242 3543 363 3602 carnalia
377 3559 435 3600 esse
455 3544 631 3617 perficienda.
648 3545 717 3604 Cum
738 3555 829 3604 autem
851 3546 932 3604 istam
947 3549 1041 3605 nelan·
1095 3552 1141 3594 eos
1159 3538 1293 3611 scriptum
1307 3541 1407 3600 habere
1423 3542 1502 3614 dicit,
1516 3552 1544 3602 et
1557 3546 1591 3603 de
1613 3545 1720 3618 Spiritu
1733 3555 1835 3604 sancto
1853 3565 1907 3606 re-

242 3631 305 3689 dam
322 3631 383 3705 (26)
398 3631 554 3692 doctrinam
567 3635 720 3694 virtutibus
734 3637 941 3706 affirmaverint,
958 3645 1041 3696 terre·
1095 3625 1202 3685 timii?
1217 3629 1287 3698 Quia
1309 3631 1610 3709 videlioetllbicun‘1¹¹0
1625 3635 1731 3692 Patrem
1745 3642 1773 3692 ⁰²
1787 3635 1904 3694 filium

243 3739 294 3780 aos
308 3721 436 3780 homines
450 3721 498 3795 qai
511 3724 591 3796 proni
605 3725 843 3784 eruntadmalum
859 3729 945 3801 magis
959 3745 1040 3802 qaam
1095 3715 1221 3789 lessifflub
1257 3720 1411 3797 inlellissflffl
1433 3722 1565 3781 d⁰b0ffl¹¹⁸
1591 3724 1724 3798 Spiritum
1752 3734 1903 3784 ”flmm-

242 3809 277 3868 ad
293 3811 410 3880 bouum,
424 3810 505 3869 laoile
520 3811 669 3887 decipient.
685 3817 761 3891 Saepe
784 3833 849 3874 vero
870 3833 919 3891 per
944 3835 1041 3876 menas
1094 3806 1243 3868 P⁰⁸⁸¹¹¹¹¹1¹⁸
1267 3819 1357 3869 aumm
1381 3828 1429 3886 per
1442 3813 1547 3870 fl0ssl⁰⁸
1573 3815 1657 3872 ⁰⁰ld³
1670 3822 1834 3872 &mmmm
1852 3818 1905 3873 1¹¹·
2002 3823 2003 3840 ¹

242 3917 325 3976 opera
347 3901 545 3976 intelligantur
560 3923 566 3962 :
583 3906 768 3966 characterem
792 3925 855 3982 ergo
874 3907 1040 3967 Antichristi
1095 3898 1240 3972 ῑθῙΙῑΒθῐθῑ
1271 3917 1372 3960 nomen
1390 3903 1483 3979 itaque
1496 3904 1586 3963 Patris
1598 3912 1627 3963 et
1650 3905 1715 3962 Filii
1733 3912 1760 3962 et
1772 3904 1906 3977 Spiritus
2002 3953 2003 3972 l

242 3991 273 4050 ia
295 3992 410 4050 dextera
436 4011 520 4052 mana
543 3994 703 4068 habebunt;
729 3998 795 4073 quia
816 4015 898 4072 opera
921 3999 1041 4073 maligue
1094 3990 1182 4047 sinoti
1209 3991 1238 4047 in
1265 3991 1906 4068 ff011²ib¹1⁸⁸11i⁸h²b⁰¹¹i⁸⁰fil>²¹1ffllll¹fl⁸²
2002 3985 2003 4036 ἶ

241 4081 375 4142 doctrinae
390 4083 557 4143 Antichristi
572 4089 753 4160 congruentia
761 4089 1040 4148 exercebunt:habe·
1094 4081 1234 4140 mentibus
1248 4100 1342 4141 eorum
1358 4101 1435 4142 ³⁰1⁰?
1448 4084 1500 4143 Dei
1514 4101 1666 4160 numquam
1679 4083 1761 4142 avelli
1778 4085 1904 4157 poterit,
2002 4147 2003 4162 ,

241 4168 313 4231 bant
325 4181 352 4231 et
366 4172 401 4244 in,
410 4174 512 4247 fronte,
522 4193 573 4250 per
583 4194 666 4253 qaam
680 4195 759 4238 meas
770 4197 841 4253 sape
855 4179 1038 4250 discemitur;
1094 4170 1166 4230 Sicut
1180 4173 1363 4231 avulsasesta
1377 4173 1507 4232 wrdibut
1521 4173 1705 4248 quommdam
1718 4172 1904 4246 ³⁰d⁸¹⁰r¹1ffls

242 4261 308 4338 qaia
329 4278 365 4321 ex
390 4265 483 4338 pravis
507 4267 648 4341 operibus,
671 4285 752 4344 quam
775 4269 906 4346 pessimas
928 4278 1040 4340 ,mentes
1094 4260 1142 4333 qul
1152 4269 1263 4335 propter
1278 4263 1434 4337 superbiam
1444 4263 1478 4322 de
1493 4265 1563 4324 coelo
1577 4263 1745 4323 ceciderunt.

241 4358 337 4424 gerant
354 4351 538 4425 dignoscetur.
1132 4361 1223 4433 (Vere.
1251 4363 1292 4437 2.)
1321 4366 1358 4422 El
1382 4365 1475 4422 codici
1505 4383 1588 4423 comm
1611 4367 1643 4423 de
1665 4369 1738 4436 coelo,
1763 4372 1905 4440 umacus

278 4449 371 4522 (Vere.
388 4451 445 4524 77.)
461 4454 499 4510 at
517 4471 550 4510 ne
571 4455 631 4526 petis
649 4457 866 4530 possitcesdere,
885 4461 1037 4528 catenare,
1054 4427 1079 4488 D
1094 4467 1180 4508 vocem
1194 4469 1328 4526 aquarum
1354 4457 1511 4527 mularum,
1526 4463 1550 4513 et
1578 4463 1705 4529 mapsam
1725 4473 1815 4512 vocem
1833 4463 1906 4516 toni·
2002 4525 2003 4530 .

240 4538 295 4597 nbi
317 4539 364 4612 pai
387 4540 511 4598 haberit
536 4543 713 4602 characterem
737 4547 851 4604 nominis
879 4547 975 4619 hestiae,
993 4555 1042 4606 act
1095 4545 1151 4602 (ναί
1164 4546 1262 4618 magni.
1284 4547 1360 4620 Saepe
1375 4566 1423 4622 per
1435 4550 1567 4608 Joanaem
1582 4552 1724 4625 praesentis
1738 4551 1806 4608 vitea
1824 4553 1906 4612 fide-

240 4643 380 4686 attmerum
394 4629 588 4702 nominisejae.
602 4633 710 4691 Scimus
723 4634 871 4695 humanam
887 4637 1039 4696 vitamaoa
1094 4635 1134 4693 les
1161 4636 1407 4698 demonstrantur:
1430 4658 1478 4715 per
1501 4659 1584 4717 aquas
1607 4659 1672 4700 vero
1697 4640 1791 4715 populi
1827 4643 1904 4701 desi-
2002 4703 2003 4708 ,

242 4733 321 4792 posse
336 4718 496 4792 subsistere,
509 4721 564 4779 nisi
578 4731 626 4780 aut
638 4723 760 4782 vendant
779 4727 927 4801 aliquando
952 4727 1040 4787 homi·
1094 4734 1224 4799 guantur.
1235 4727 1343 4802 thaia
1357 4729 1390 4786 de
1400 4731 1530 4788 omnibus
1539 4732 1666 4804 gentibus
1680 4731 1807 4806 quotidie
1819 4733 1905 4790 oolli-

242 4826 302 4882 nes,
321 4821 369 4870 aut
389 4819 482 4870 emant
503 4833 509 4872 :
535 4831 567 4872 eo
589 4816 682 4891 itaque
700 4818 866 4879 antichristi
887 4823 1041 4896 persecutio
1095 4826 1198 4891 guntur
1207 4818 1297 4888 electi,
1314 4827 1341 4876 et
1355 4819 1384 4876 in
1400 4819 1503 4877 crelesti
1523 4819 1695 4877 beatitudine
1707 4819 1904 4892 collocantur,

241 4917 305 4976 erga
326 4900 421 4959 fideles
442 4904 583 4962 cmdelias
606 4907 784 4980 grassabitur,
800 4927 855 4986 qao
876 4913 916 4968 eis
930 4912 983 4970 hoc
998 4913 1039 4969 in·
1095 4909 1183 4965 sancti
1205 4909 1255 4965 Dei
1281 4908 1310 4965 in
1336 4917 1409 4967 terra
1438 4911 1594 4978 constituti,
1615 4910 1662 4985 qui
1690 4927 1737 4985 per
1756 4910 1903 4970 Jfflnflem

241 4991 389 5051 terdictam
403 4993 498 5064 inerit,
513 4995 640 5070 sineqao
653 4999 747 5058 vivere
761 5017 817 5058 non
840 5011 979 5076 potemnt.
992 5004 1040 5060 Fa·
1095 4995 1283 5071 designantur,
1313 5015 1408 5056 vocem
1436 5016 1569 5074 aquamm
1585 5001 1755 5059 'muleram
1782 5002 1904 5060 assidue

241 5086 316 5147 cient
335 5097 426 5146 autem
450 5085 504 5148 boc
523 5088 645 5148 ministri
667 5093 844 5166 Antichristi,
864 5102 896 5154 ut
920 5097 950 5155 in
973 5102 1040 5154 tem
1095 5087 1212 5145 audium
1226 5107 1233 5159 ἑ
1249 5087 1314 5163 ‘llil
1328 5088 1481 5149 dwlfissaffl
1496 5091 1906 5152 ⁸²ss0²⁰f¹1ffli¹¹0oe¹i⁸⁰⁰¹¹·
2002 5163 2003 5170 .

276 5270 337 5347 (26)
352 5271 394 5329 lta
407 5289 473 5331 mss.
488 5291 496 5344 ;
511 5271 578 5333 edit.
602 5275 787 5346 econtrario,
809 5283 927 5334 creatam
947 5277 1041 5336 citiam
1095 5285 1198 5337 centum
1233 5279 1413 5353 quodraginta
1440 5289 1556 5354 quatuor
1577 5283 1677 5350 millio,
1704 5299 1738 5338 ea
1758 5282 1905 5340 dacdmirts
2002 5343 2003 5354 ,

239 5349 397 5416 comasque
424 5344 542 5416 dieilim,
567 5351 598 5402 at
619 5347 735 5404 homines
760 5349 795 5404 iis
817 5348 993 5420 abundanter,
1018 5357 1042 5408 et
1096 5351 1215 5408 tabulas
1233 5353 1322 5421 electo,
1342 5351 1409 5410 edil.
1433 5353 1527 5423 Rom,
1553 5353 1674 5412 Christus
1701 5354 1836 5413 consistit.
1868 5359 1904 5414 ha
2002 5369 2003 5384 ¹

240 5415 376 5488 efficienter
403 5423 550 5476 uterentur.
576 5417 644 5478 Cam
669 5425 757 5478 aalma
784 5419 864 5478 istem
886 5421 1040 5496 uelandam,
1095 5421 1278 5506 superioribus
1324 5439 1408 5497 acque
1439 5425 1748 5500 centumquadraginta
1777 5435 1906 5498 putrer

239 5491 292 5544 etc.
1095 5495 1298 5565 stallmester
1331 5497 1471 5570 cim,eto.;
1488 5499 1902 5560 ussaunemutlncoatextu.
2002 5545 2003 5554 .

277 5557 336 5630 (27)
363 5559 535 5636 altaalta,
559 5559 680 5623 Chritltte
701 5563 829 5626 romblit.
852 5566 890 5626 Et
912 5581 970 5626 eam
993 5567 1041 5628 illo
2002 5567 2003 5584 ¹
