4038 6168
190 377 193 390 .
281 335 336 394 9³9
780 328 829 386 ΑΒ
848 327 966 386 OPERA
983 327 1011 385 S.
1031 328 1198 388 menesii
1217 327 1409 386 sensnum.
1835 342 1874 400 gig

280 461 356 520 tuba
376 457 460 536 primi
476 457 566 532 augeli
589 470 637 529 per
658 469 742 511 omne
762 453 858 512 lenum
880 452 981 522 uiride,
1004 455 1078 528 quod
1092 458 1118 519 A
1132 450 1175 509 dis
1195 451 1370 525 affligantur3
1395 451 1562 510 intrinsecus
1585 459 1671 510 emen
1691 453 1772 531 despe
1782 463 1875 524 mirati,

281 551 455 612 combustum
471 563 529 607 esse
543 547 656 616 dicitur,
672 546 752 604 electi
767 546 814 620 qui
829 545 927 619 primis
942 547 1079 620 tempori·
1134 542 1241 614 gloria,
1257 540 1389 615 adquam
1404 558 1433 598 se
1447 545 1874 614 perventuroscreumt.e1sultrut.

281 643 333 701 bus
343 641 464 709 luerunt,
476 638 674 710 designantur:
692 637 731 692 ita
744 644 772 693 et
785 635 1078 707 bicperlenumtermc
1134 631 1282 686 Possumus
1300 630 1383 686 etiam
1401 647 1450 702 per
1462 629 1584 703 quinque
1599 647 1697 690 menses
1716 651 1785 693 omne
1796 647 1876 713 tempus

222 767 223 770 =
280 744 308 792 et
328 746 410 790 omne
422 728 512 788 viride
528 727 618 785 fldelis
633 727 750 800 populus
768 734 809 782 est
829 724 1006 797 designatus:
1032 741 1080 798 per
1134 718 1219 792 hujus
1233 718 1330 775 ruuudi
1345 721 1509 793 intelligere
1525 721 1628 793 primus
1642 739 1748 798 natuque
1759 731 1877 788 mensisest

281 822 391 882 arbores
409 835 476 878 vero
495 818 623 876 doctores
640 817 770 874 Ecclesiae
788 814 979 888 designantur.
1006 815 1079 872 Pro-
1133 809 1167 864 ab
1186 808 1292 881 origine
1315 808 1412 866 mundi
1436 825 1523 883 usque
1545 809 1578 866 ad
1593 811 1729 883 diluvium,
1745 819 1878 877 secundus

280 911 364 970 bibiti
379 919 444 969 sunt
458 925 522 982 crgo
534 907 668 973 heretici,
681 921 717 962 ue
732 903 863 962 luderent
878 903 972 961 tenum
987 911 1077 974 terre,
1133 896 1241 955 diluvio
1255 899 1387 973 usquead
1403 899 1527 972 lloysen,
1551 902 1644 958 tertius
1657 919 1671 958 a
1682 903 1764 976 lloyse
1773 909 1879 980 nemesi

280 1017 369 1076 neque
383 1015 465 1058 omne
480 997 581 1068 uiride,
607 1012 696 1070 neque
713 1011 823 1052 omnem
842 993 986 1062 arborem;
1015 994 1079 1068 quia
1132 987 1232 1054 David,
1243 994 1380 1060 quartusa
1391 986 1481 1044 David
1496 1005 1583 1062 usque
1597 988 1630 1045 ad
1648 989 1782 1061 Christum,
1793 995 1878 1067 quintus

280 1107 337 1151 non
351 1090 478 1165 permisit
491 1091 575 1156 Deus,
590 1096 621 1144 ut
636 1105 683 1145 eos
697 1086 745 1160 qui
759 1086 930 1143 viriditatem
945 1084 1010 1142 fidei
1024 1086 1079 1142 ha.
1133 1091 1149 1130 a
1166 1074 1276 1132 Cbristo
1291 1076 1425 1151 usquead
1437 1077 1696 1135 consummationem
1715 1081 1803 1138 saculi.
1824 1083 1880 1141 lniir

278 1182 392 1251 begam,
406 1181 437 1238 id
450 1189 501 1249 est,
513 1180 561 1254 qui
574 1179 656 1236 fidem
671 1194 753 1252 quam
768 1177 979 1250 profitebantur,
989 1177 1077 1251 operi.
1135 1179 1200 1236 ergo
1219 1164 1341 1242 quinque
1356 1166 1497 1223 mensibus
1510 1183 1606 1224 omnes
1620 1166 1880 1229 fabricatoresenonn

279 1270 333 1329 bus
346 1270 608 1344 implebant,neque
622 1277 730 1324 sanctos
744 1265 946 1339 predicatores,
959 1267 1006 1340 qui
1022 1282 1078 1322 nou
1132 1255 1301 1324 efficientur,
1321 1255 1380 1313 Sile
1403 1273 1436 1314 00
1458 1258 1542 1314 mede
1567 1274 1621 1330 qne
1642 1258 1759 1330 ennelino
1780 1259 1880 1319 (linum

279 1368 359 1418 erant
373 1360 459 1433 spinas
473 1359 517 1415 rel
530 1356 639 1426 tribuli,
650 1373 685 1413 ex
699 1355 800 1430 quibus
809 1371 897 1430 neque
908 1371 979 1423 uve,
990 1369 1079 1428 neque
1132 1343 1191 1400 ⁸ive
1211 1345 1286 1418 qnod
1308 1344 1390 1402 falses
1403 1347 1615 1403 adinventiones
1628 1362 1688 1404 snas
1703 1346 1789 1404 videm
1805 1365 1818 1404 a
1832 1351 1881 1407 reri·

279 1453 351 1512 ficus
364 1451 547 1525 colliguntur;
570 1449 617 1507 sed
632 1447 724 1522 potius
738 1446 847 1504 arbores
861 1447 996 1502 bonorum
1016 1461 1078 1517 ope·
1134 1440 1189 1490 ¹³1⁰
1200 1432 1334 1506 sulimisi-

279 1561 343 1602 rum
358 1543 464 1602 tructus
478 1541 606 1608 serentes,
622 1555 657 1596 ex
672 1538 773 1612 quibus
787 1535 882 1592 fideles
895 1534 991 1608 populi
1010 1531 1079 1589 reli-
1168 1532 1443 1589 Eicrucioturecrum
1453 1541 1484 1591 at
1495 1535 1793 1608 cruciatusscorpii,cros
1800 1538 1883 1608 percutit

279 1633 433 1702 ciebantur,
458 1629 580 1688 baeretici
596 1627 770 1700 deciperent;
798 1623 872 1682 unde
888 1633 915 1681 et
929 1623 1053 1698 sequitur
1069 1642 1075 1680 :
1132 1623 1270 1680 hominen.
1285 1625 1414 1682 Diximus
1430 1625 1556 1700 superius
1567 1643 1615 1700 per
1624 1625 1770 1699 scorpiones
1778 1625 1883 1684 demones

279 1723 340 1782 Nisi
353 1723 481 1786 homines,
491 1718 538 1790 goi
551 1735 604 1773 non
618 1715 712 1772 nobem
725 1715 829 1786 mgnum
843 1713 892 1770 Dei
906 1713 934 1768 in
945 1713 1078 1784 frontibus
1131 1730 1189 1771 esse
1204 1713 1378 1789 designatos;
1405 1732 1470 1773 nam
1493 1717 1565 1775 sicut
1588 1717 1693 1789 scerpio
1710 1732 1797 1789 corpus
1818 1717 1883 1773 aede

279 1811 345 1869 anis.
368 1808 442 1879 Quid
454 1815 496 1864 est
506 1813 598 1864 antem
612 1805 721 1876 signnm
738 1803 798 1872 Dei,
826 1801 880 1859 nisi
895 1801 1024 1870 chariton,
1043 1800 1078 1857 de
1093 1823 1117 1883 B
1135 1809 1272 1878 vulnerat,
1301 1817 1332 1865 ut
1360 1825 1407 1882 per
1420 1809 1524 1865 vulnus
1540 1825 1677 1868 venenum
1691 1809 1841 1876 intromittat,
1853 1822 1884 1880 per

279 1914 334 1974 qua
348 1897 421 1956 idem
435 1897 553 1952 loannes
567 1893 701 1966 loquitur,
715 1891 829 1948 disens:
851 1893 944 1948 «Deus
958 1890 1079 1948 charitas
1133 1896 1208 1970 quod
1226 1896 1367 1954 bominem
1383 1897 1532 1956 interliciat
1547 1916 1555 1960 ;
1577 1898 1615 1955 ita
1628 1905 1655 1955 et
1673 1897 1789 1955 diabolus
1804 1905 1840 1954 aut
1851 1897 1884 1963 ira,

278 1996 321 2046 est
341 1983 611 2061 (itoan.1v,8)i·
639 1982 788 2038 Possumus
802 1997 868 2037 vero
891 1995 940 2052 per
962 1981 1077 2050 frontes,
1134 1993 1181 2043 sut
1210 1987 1347 2059 superbia,
1372 1995 1421 2044 sur
1437 1987 1566 2057 libidine,
1583 1995 1630 2044 aut
1645 1985 1885 2061 atiquadeierutiun

280 2093 341 2154 quas
367 2076 514 2151 qualitates
542 2071 678 2131 mentium
701 2069 851 2144 sepissime
876 2068 1077 2139 demonstrant,
1133 2075 1238 2132 carnali
1263 2076 1535 2145 monagrammatis,
1552 2075 1886 2151 usperhoevenenumsls

279 2167 363 2227 corda
386 2165 565 2241 reproborum
590 2162 756 2235 intelligere.
781 2161 827 2218 llli
851 2176 915 2233 ergo
940 2161 1020 2218 lacile
1044 2160 1079 2217 ab
1133 2167 1247 2223 malitia
1262 2167 1401 2237 infundat,
1416 2167 1594 2240 animamque
1611 2167 1751 2226 interliciat
1764 2165 1822 2238 (ii).
1835 2164 1886 2222 Cru-

279 2259 419 2319 haereticia
431 2256 653 2330 decipiebantur,
663 2253 712 2327 qui
722 2253 832 2324 signum
845 2251 895 2308 Dei
905 2251 974 2320 vivi,
988 2250 1075 2320 idest,
1133 2255 1222 2313 ciatus
1241 2272 1305 2328 ergo
1318 2257 1486 2314 locustarum
1501 2257 1605 2314 similis
1616 2273 1674 2314 esse
1682 2255 1804 2315 cruciatui
1813 2252 1885 2325 ampli

279 2349 443 2409 charitalem
457 2347 486 2404 in
498 2343 629 2404 enidibne
642 2344 701 2401 inis
716 2357 772 2400 11⁰¹]
788 2339 935 2398 habebam·
1132 2348 1248 2416 dicitur3
1268 2349 1333 2422 quia
1352 2348 1476 2408 heretici
1500 2350 1644 2408 imitantes
1657 2357 1755 2424 patrem
1769 2363 1836 2405 suum
1847 2345 1885 2402 dia·

316 2441 465 2520 (Veroli.)
490 2441 528 2500 m
549 2446 707 2513 preceptum
732 2443 770 2494 est
793 2437 860 2503 illis,
878 2452 911 2490 se
934 2435 1079 2492 occideret
1133 2436 1238 2506 bolum,
1253 2455 1303 2511 per
1328 2439 1401 2496 leuia
1429 2440 1514 2497 rerba
1536 2448 1621 2514 atque
1649 2439 1789 2514 composita
1812 2442 1887 2493 nentes

279 2551 331 2592 eos.
347 2532 427 2601 Quod
441 2530 520 2594 dicit.
535 2535 693 2604 preceptum
706 2533 744 2584 cst
755 2527 823 2595 iltis,
835 2523 946 2582 ridetur
960 2525 1028 2581 mibi
1043 2523 1078 2582 ad
1133 2525 1279 2584 bominum
1303 2527 1496 2600 imperitorum
1522 2529 1716 2598 vulnerabant,
1737 2539 1887 2596 venenumque

279 2625 418 2684 demones
431 2620 586 2696 pertinere;
601 2625 677 2677 tanta
691 2624 732 2675 est
749 2617 824 2674 enim
838 2616 962 2689 nequitia
973 2615 1077 2672 demo·
1133 2614 1176 2672 sui
1202 2617 1303 2674 erroris
1329 2616 1519 2688 infundentes,
1541 2633 1640 2675 eorum
1664 2618 1763 2674 animas
1779 2611 1888 2672 nemmnt.

279 2729 358 2782 uum,
387 2717 419 2768 ut
436 2711 459 2767 si
472 2712 526 2768 boc
544 2711 618 2768 Deus
631 2705 810 2782 permisisset,
833 2705 926 2762 statim
944 2711 976 2762 ut
993 2705 1077 2762 bomo
1132 2702 1281 2762 Possumus
1294 2705 1395 2779 quippe
1407 2721 1456 2778 per
1469 2705 1627 2765 cruciatum
1638 2705 1783 2764 animarum
1796 2700 1888 2759 iuterlse

279 2802 396 2860 mortale
408 2799 518 2857 facinus
531 2796 696 2864 admisisset,
724 2811 788 2851 eum
803 2793 1007 2851 interficerent:
1028 2793 1075 2850 sed
1131 2793 1236 2850 tionem
1246 2793 1411 2867 intelligere.

279 2897 420 2966 exspectat
433 2891 507 2947 Deus
525 2888 652 2944 homiues
666 2887 775 2958 impios,
796 2893 828 2942 ut
851 2882 1000 2958 aliquando
1027 2899 1077 2957 per
1168 2891 1259 2964 (Vens.
1272 2892 1314 2964 6.)
1329 2894 1366 2949 El
1383 2894 1412 2950 ia
1425 2894 1514 2951 diebtts
1528 2896 1587 2953 ittir
1601 2902 1718 2969 parerent
1729 2893 1828 2950 bomine
1837 2902 1887 2944 nor-

280 2977 471 3054 poeniteutiam
486 2976 521 3032 ad
539 2992 601 3033 curn
619 2974 731 3030 redeant
750 2980 778 3028 et
791 2972 942 3042 salsentur,
967 2973 1026 3030 sive
1045 2980 1078 3031 ut
1132 2983 1192 3049 em,
1208 2986 1232 3036 et
1244 2997 1298 3037 oon
1311 2981 1444 3038 invenient
1460 3001 1539 3040 eom:
1562 2992 1588 3042 et
1601 2982 1786 3059 eapieatmori,
1798 2987 1818 3036 et
1830 2977 1889 3049 [mci

278 3066 347 3141 initi
363 3083 471 3140 P0100⁵
485 3063 646 3139 probentur.
666 3063 734 3120 Nam
754 3069 782 3119 0²
795 3062 949 3130 Pffilfflisstai
965 3079 1028 3120 enm
1043 3060 1077 3118 de
1130 3084 1203 3123 mors
1225 3069 1258 3124 ob
1281 3070 1327 3126 eir.
1353 3071 1417 3127 lieo
1436 3073 1575 3130 sententia
1588 3073 1623 3130 ad
1638 3073 1736 3130 electos
1747 3069 1854 3143 pertinet.
1867 3064 1889 3120 ir

281 3157 377 3232 impiis
391 3158 559 3230 loqueretur,
575 3151 737 3227 precabatur
747 3151 860 3209 dicens:
892 3151 953 3208 «Ne
966 3151 1077 3208 occidas
1093 3179 1115 3242 ο
1132 3156 1295 3228 diebusillis,
1311 3157 1340 3214 id
1354 3169 1404 3228 est,
1420 3161 1450 3216 iu
1464 3159 1563 3218 diebus
1577 3161 1679 3235 quibus
1687 3156 1816 3230 Evangelii
1829 3150 1890 3227 grstia

281 3243 708 3321 eos,uequandoobliriscautur
720 3240 816 3314 populi
827 3238 881 3296 mei
893 3241 980 3312 (Psoi.
997 3258 1076 3310 uviri,
1132 3264 1181 3323 per
1200 3249 1361 3305 universum
1376 3249 1510 3306 mundum
1530 3250 1659 3325 refulget,
1684 3253 1792 3322 quereri
1802 3242 1890 3300 lonirm

282 3338 365 3411 lap·
396 3335 432 3391 Et
445 3336 475 3390 iu
489 3332 618 3390 iudicum
633 3331 705 3391 libro
718 3329 852 3402 scriptum
867 3337 917 3397 est,
944 3329 1010 3402 quia
1029 3329 1079 3386 di-
1132 3343 1253 3394 mortem
1266 3337 1409 3405 Quaerehat
1424 3338 1524 3394 Paulus
1534 3347 1654 3397 mortem
1669 3332 1836 3411 persequendo
1849 3329 1888 3384 Er-

283 3427 359 3484 misit
381 3427 454 3483 Deus
477 3424 646 3483 Cbauanaeos
673 3429 701 3478 et
723 3420 896 3486 Philistseos;
927 3418 1010 3475 utin
1038 3419 1078 3476 eis
1132 3425 1243 3484 elesiam
1259 3426 1319 3495 liei,
1335 3434 1362 3484 et
1376 3441 1431 3482 non
1447 3426 1555 3484 invenit
1570 3445 1654 3498 eam;
1671 3427 1734 3502 quia
1747 3417 1890 3490 Christuspi
1956 3451 1957 3472 i

282 3517 454 3588 experiretur
467 3514 561 3580 lsrael,
586 3520 613 3568 et
634 3509 768 3566 haberent
791 3508 934 3564 scientiam
955 3506 1079 3565 certandi
1133 3523 1175 3572 est
1189 3531 1285 3571 murus
1306 3514 1533 3589 impenetrabilis,
1548 3533 1578 3574 ω
1596 3517 1641 3574 ῑῃῑ
1656 3515 1793 3590 objiciens,
1805 3528 1818 3568 a
1829 3515 1890 3565 moria

283 3619 346 3660 cum
361 3601 488 3658 hostibus
499 3600 598 3672 (dedu.
614 3615 656 3665 nr,
674 3597 700 3663 i,
718 3597 759 3667 2).
772 3596 905 3668 Preceplt
919 3611 983 3668 ergo
993 3598 1078 3664 Deus,
1134 3620 1215 3679 quam
1236 3605 1385 3678 querebat,
1411 3606 1445 3663 ad
1466 3607 1565 3676 vitam
1583 3623 1645 3682 que
1659 3615 1701 3665 est
1715 3606 1777 3679 ipss,
1792 3599 1892 3657 violento

283 3691 313 3748 id
327 3697 378 3759 est,
389 3706 446 3746 nou
460 3688 584 3760 permisit
598 3695 630 3742 ut
643 3687 907 3754 exterminarentur,
916 3685 974 3742 sive
984 3703 1079 3744 omnes
1133 3694 1254 3750 reduxit.
1268 3695 1391 3751 Fuerunt
1404 3695 1489 3752 etalii
1505 3697 1601 3766 multi,
1621 3696 1670 3771 qui
1684 3695 1834 3770 quesierunt
1843 3699 1891 3742 nor·

225 3820 228 3826 ,
283 3779 419 3848 heretici,
442 3778 501 3835 sire
515 3791 611 3834 omnes
628 3774 727 3848 impil;
753 3782 784 3830 ut
800 3773 934 3832 baberent
946 3773 1015 3847 justi
1031 3793 1079 3850 per
1133 3790 1188 3840 tem
1214 3792 1263 3840 aut
1280 3783 1432 3841 Ecclesiam
1457 3787 1508 3843 Dei
1532 3785 1732 3860 persequendo,
1761 3788 1803 3839 aut
1822 3783 1892 3836 caten

283 3885 352 3946 quos
366 3867 560 3942 probarentur,
584 3865 657 3923 deut
668 3879 768 3922 aurum
789 3863 863 3938 quod
877 3864 1010 3937 probatur
1032 3882 1081 3938 per
1133 3872 1205 3928 mala
1227 3871 1397 3930 exercendo:
1423 3873 1472 3931 sed
1486 3875 1559 3948 fugit
1577 3891 1654 3933 mors
1667 3874 1701 3931 ab
1716 3872 1786 3946 ipsis¹
1799 3867 1893 3942 quispe

283 3961 387 4034 ignem.
1133 3961 1355 4035 predicationem
1378 3971 1536 4021 sauctorum
1561 3965 1597 4023 ad
1621 3966 1708 4025 vitam
1722 3950 1891 4022 suulreroraii.

317 4057 396 4116 Unde
423 4062 451 4114 et
470 4053 611 4128 sequitur:
642 4053 693 4110 Sed
705 4058 736 4110 ot
750 4052 936 4110 mactarentur
948 4053 1080 4110 mensibcs
1132 4052 1188 4109 Nos
1209 4051 1292 4108 etiam
1312 4053 1444 4128 quosdam
1460 4052 1596 4126 vidimus,
1612 4055 1662 4130 qui
1674 4053 1826 4129 quesierunt
1836 4056 1891 4100 mor-

283 4145 407 4220 psiagoe.
437 4145 489 4202 Per
508 4157 615 4200 menses
635 4142 758 4216 quinque
783 4157 865 4198 omne
883 4149 992 4216 tempus
1014 4143 1079 4200 vite
1134 4150 1200 4211 tem,
1231 4150 1259 4199 et
1282 4157 1338 4198 nou
1366 4141 1535 4200 invenerunt
1549 4159 1631 4215 eam;
1647 4127 1889 4217 ercupierummri.

283 4232 435 4307 presentis,
451 4229 525 4306 quod
538 4230 569 4287 iu
583 4230 706 4304 quinque
724 4227 851 4287 aetatibus
867 4227 1006 4295 consistit,
1019 4245 1079 4302 pos·
1134 4237 1161 4286 et
1196 4230 1267 4303 fugit
1301 4247 1375 4288 mors
1406 4231 1441 4288 ab
1467 4231 1517 4289 eis.
1546 4233 1658 4292 Sciums
1691 4233 1762 4291 euim
1791 4219 1890 4300 quosdam

284 4333 379 4379 sumus
394 4320 558 4392 intelligere.
572 4317 665 4374 Prima
681 4331 799 4391 namque
813 4324 879 4374 etas
896 4324 937 4374 est
951 4317 1078 4388 infantia,
1133 4318 1228 4388 fuisse,
1251 4319 1299 4393 qui
1325 4320 1445 4394 amplius
1464 4337 1546 4394 quam
1567 4322 1715 4396 oportebat
1735 4315 1847 4378 saculrm
1862 4303 1890 4362 di·

284 4409 404 4468 munda
418 4408 544 4482 pueritia,
560 4407 641 4464 tertia
655 4405 852 4474 adolescentia,
868 4406 1080 4481 quartajuven-
1133 4407 1266 4480 ligantes,
1294 4409 1383 4466 multo
1408 4417 1531 4484 tempore
1558 4413 1710 4486 multisque
1739 4405 1820 4476 modis
1841 4395 1891 4455 labo

283 4505 340 4566 tus,
356 4497 453 4570 quinta
464 4503 608 4563 senectus;
625 4495 752 4568 quamvis
763 4494 860 4552 beatus
875 4495 1033 4568 Gregorius,
1049 4505 1079 4554 ut
1094 4529 1119 4590 D
1134 4503 1240 4552 rassent
1256 4539 1263 4568 ,
1291 4505 1323 4555 ut
1348 4497 1448 4556 divites
1472 4498 1593 4571 fierent,
1626 4500 1767 4574 cupientes
1792 4485 1891 4551 deliciose

284 4601 348 4646 oum
362 4585 548 4642 serentibus
558 4583 655 4640 mundi
669 4582 1079 4642 etateshominumooniorma-
1134 4584 1250 4654 rivere,
1276 4593 1303 4643 et
1332 4587 1423 4644 carnis
1456 4594 1528 4653 539
1562 4606 1621 4648 suas
1656 4585 1786 4646 desideria
1809 4573 1892 4653 perfice·

284 4682 337 4744 ret,
363 4681 530 4730 senectutem
553 4673 581 4729 in
605 4673 673 4730 duas
689 4681 779 4746 partes
800 4672 927 4730 diviserit
950 4675 1020 4748 (95).
1048 4678 1080 4733 ln
1134 4697 1186 4738 re:
1212 4682 1271 4755 (97)
1294 4680 1341 4740 sed
1364 4684 1476 4741 eumad
1491 4684 1611 4758 idquod
1629 4667 1892 4759 optabant,perrenin

285 4762 407 4838 quinque
421 4777 485 4834 ergo
495 4762 644 4829 mensibus,
656 4760 743 4832 idest,
753 4761 868 4818 inomni
877 4772 1000 4835 tempore
1015 4764 1079 4822 vite]
1134 4787 1190 4828 non
1213 4779 1333 4843 possent,
1354 4782 1512 4846 respuentes
1531 4776 1629 4833 seculi
1649 4776 1716 4832 lulsa
1736 4753 1892 4846 promised

284 4851 427 4926 presentis
441 4867 499 4908 non
511 4853 602 4909 solum
617 4851 750 4921 haretici,
779 4850 826 4908 sed
848 4858 876 4908 et
890 4868 986 4909 omnes
1001 4851 1080 4926 impii
1134 4859 1246 4917 divitias
1256 4862 1605 4936 celestesaoquirendasse
1616 4842 1892 4926 contuleruut,stquccd

284 4943 453 5001 cruciantur.
477 4942 545 4999 Nam
562 4942 652 4998 veiint
664 4943 765 5011 nolint,
790 4942 904 5000 eumad
920 4945 1080 5002 memoriam
1134 4965 1227 5006 esrum
1240 4951 1452 5024 perceptionem,
1468 4953 1703 5021 sicutcredimus,
1713 4938 1893 5016 ionisopeibn

284 5039 400 5088 mortem
415 5047 647 5105 poenamquequae
659 5040 774 5090 mortem
786 5035 921 5108 sequitur,
933 5034 1079 5103 reducunt;
1135 5037 1297 5109 insistendo,
1320 5041 1463 5112 pervenire
1486 5049 1660 5098 meruerunt.
1678 5037 1797 5098 Vidimus
1807 5025 1891 5086 nihilo·

283 5121 411 5195 quamris
425 5119 459 5178 de
473 5119 701 5194 prosperitatibus
713 5122 806 5178 seculi
822 5121 969 5179 videantur
987 5123 1080 5179 exsul·
1135 5127 1227 5185 minus
1250 5127 1381 5203 quosdam
1397 5131 1562 5188 monasteria
1584 5129 1739 5204 reliquisse,
1753 5132 1777 5181 et
1790 5119 1891 5178 alsae-u·
1956 5135 1957 5158 ³

282 5217 352 5280 tare,
367 5208 528 5268 cruciantur
540 5211 633 5266 tamen
649 5210 825 5280 intrinsecus,
849 5226 883 5268 eo
906 5211 979 5286 quod
991 5211 1081 5268 sciant
1134 5218 1193 5273 lum
1207 5218 1346 5286 transisse,
1362 5228 1388 5276 et
1408 5219 1437 5275 in
1452 5219 1566 5277 servitio
1580 5217 1760 5294 quorumdam
1778 5206 1890 5266 hominurn

283 5314 312 5358 se
324 5315 374 5372 pro
392 5297 543 5358 sceleribus
566 5299 625 5358 suis
636 5301 802 5358 eternaliter
823 5317 882 5360 esse
907 5302 1079 5360 cruciandos.
1134 5307 1288 5381 potentium
1309 5323 1338 5364 se
1360 5307 1521 5378 tradidisse;
1539 5316 1569 5365 ut
1584 5315 1708 5364 terrenas
1721 5297 1892 5360 divinassent

281 5387 549 5464 econtrariojusti,
566 5390 692 5464 quemvis
706 5392 878 5452 extrinsecus
890 5392 1009 5450 dirersis
1024 5409 1080 5450 mo·
1135 5396 1327 5470 possessiones,
1347 5395 1414 5471 quas
1441 5413 1489 5471 per
1516 5413 1545 5455 se
1571 5396 1675 5456 habere
1705 5407 1759 5452 uon
1780 5381 1891 5461 pomoni,

320 5511 379 5599 (llll)
401 5513 528 5598 Quemvis
542 5513 632 5574 beatae
655 5518 830 5594 Gregorius...
852 5519 981 5592 diviserit,
1007 5535 1080 5580 com·
1134 5521 1195 5580 dice
1210 5519 1287 5580 Gem.
1304 5522 1482 5580 desideratur.

284 5595 362 5642 muni
378 5601 507 5670 omnium,
518 5604 584 5645 mss.
602 5592 766 5648 auctoritate
781 5591 949 5649 vindicatur.
1171 5594 1229 5666 (oi)
1245 5593 1345 5651 Omnes
1358 5593 1435 5664 edit,
1451 5601 1481 5650 ot
1493 5594 1582 5652 comam
1596 5613 1653 5652 stre
1673 5584 1794 5650 deidono
1804 5572 1891 5656 ΡΨ

320 5653 380 5724 (id)
394 5655 645 5719 iuridicinae...
656 5663 984 5736 asinumqueioierficiot,
995 5663 1024 5722 in
1035 5681 1078 5724 co·
1134 5672 1213 5733 r·srrt;
1225 5681 1318 5724 omnes
1332 5681 1408 5736 mss,
1424 5671 1454 5724 rit
1466 5667 1556 5726 dicier
1564 5668 1669 5740 fierent,
1685 5671 1735 5723 eto.
