4038 6168
229 270 300 332 teet
743 271 792 328 nn
810 269 928 328 OPERA
945 269 975 332 S.
995 269 1164 330 nunnosn
1180 265 1373 330 moenem.
1812 269 1884 330 lilliss

228 398 318 470 nium,
342 395 373 456 in
396 396 464 472 ipsis
483 395 645 470 corporibus
658 394 764 454 animas
779 395 946 455 humilitatis
969 395 1025 453 lla-
1037 399 1064 459 Α
1077 396 1181 454 nudare
1201 404 1347 466 secretum,
1370 403 1398 454 et
1414 393 1537 452 facinora
1557 393 1673 470 prodere
1687 396 1886 466 conscientias,

229 487 300 564 gello
319 484 453 559 castigant
467 503 475 554 ;
492 483 614 541 induunt
632 500 683 558 pro
697 491 773 542 veste
786 483 924 555 cilicium,
935 491 964 542 et
978 500 1029 559 pro
1082 493 1117 543 ut
1136 486 1314 560 indulgentias
1328 503 1384 546 sue
1398 485 1472 544 dono
1483 484 1589 559 operiat
1604 485 1788 560 turpitudinis
1800 488 1885 546 nudi·

227 579 377 656 unguentis
390 577 482 636 cinere
505 593 533 634 se
556 587 714 651 aspergunt,
739 595 771 636 ac
794 577 923 652 prostrati
942 576 1029 634 humo
1082 587 1187 656 tatem..
1211 579 1355 650 Quomodo
1375 580 1438 637 vult
1457 578 1605 652 spoliatum
1631 577 1713 636 venia
1736 579 1883 638 dimittere

228 670 370 746 pulverem
384 665 520 724 lambunt.
531 666 646 724 llortem
658 683 734 725 suant
747 665 879 742 lacrymis
889 667 1028 742 funerant,
1083 669 1287 728 confitentem?
1306 671 1346 727 De
1368 669 1469 726 talibus
1491 667 1626 741 Propheta
1648 667 1826 730 beatissimus
1839 688 1885 728 ce·

228 767 256 817 et
267 759 352 817 vitam
368 756 565 832 plangimoniis
585 767 810 832 prosequuntur:
827 767 932 816 reatum
948 773 1029 815 sunm
1083 757 1153 816 cinit
1163 757 1278 815 dicens:
1303 780 1313 806 ι
1328 757 1404 816 Beati
1425 774 1543 832 quorum
1558 757 1679 816 remisse
1692 766 1759 816 sunt
1778 759 1885 836 iniqui·

228 848 376 924 gemitibus
398 847 552 921 publicant,
576 854 604 904 et
625 855 736 906 actuum
766 865 880 906 sucrum
904 847 1030 921 pandunt
1084 854 1164 917 tates,
1176 856 1204 907 et
1213 863 1331 922 qnorum
1344 855 1415 906 tecta
1429 856 1494 905 sunt
1505 855 1613 922 peccata
1626 849 1718 918 (Paul.
1732 851 1876 924 mni).-

228 954 327 999 arcana
349 936 481 995 facinora.
505 934 603 994 Omnis
626 943 692 994 aetas
719 945 747 994 et
774 954 858 996 sexus
881 936 1031 994 indiscrete
1084 937 1245 1010 Quanquam
1281 936 1334 996 hoc
1358 936 1514 996 evidentius
1552 937 1672 1010 pertinet
1697 937 1733 996 ad
1759 946 1885 1010 renatos,

228 1025 392 1103 lugubribus
405 1032 519 1102 scaptat
531 1025 651 1084 officiis:
669 1025 810 1100 depositus
821 1027 913 1083 omnis
927 1026 1030 1102 cultus,
1085 1041 1202 1099 quorum
1221 1033 1249 1082 et
1268 1024 1429 1100 iniquitates
1448 1034 1474 1083 et
1490 1025 1608 1083 crimina
1629 1024 1767 1100 baptismo
1791 1029 1885 1102 operi·

228 1117 352 1192 dejectus
372 1125 485 1174 ornatus
509 1132 515 1173 :
541 1115 588 1172 sed
613 1116 694 1189 plane
716 1115 772 1173 ills
796 1115 890 1174 sordes
906 1114 1029 1188 corporis
1085 1122 1170 1172 untur
1196 1122 1224 1172 et
1251 1123 1404 1188 tegnrntnr;
1433 1113 1543 1172 fidelem
1569 1115 1644 1172 enim
1672 1116 1761 1174 reniae
1787 1116 1886 1176 locum

229 1215 390 1266 ornamenta
404 1205 517 1264 inerunt
539 1206 718 1280 pmnitentiae,
739 1215 766 1264 et
781 1206 871 1264 uirtus
890 1205 1030 1264 habitudi·
1084 1211 1159 1262 tenet
1181 1220 1238 1261 non
1253 1203 1339 1262 inlida
1361 1203 1508 1274 consessio,
1523 1212 1550 1262 et
1564 1205 1594 1262 in
1614 1211 1675 1262 tuto
1688 1211 1729 1262 est
1742 1204 1886 1278 penitens

228 1295 273 1355 nis
287 1311 427 1354 summum
449 1295 504 1354 luit
523 1293 607 1353 decus
625 1295 817 1354 confessionis.
840 1297 943 1370 Negata
956 1313 1031 1371 qno-
1084 1293 1263 1364 conscientia,
1281 1293 1304 1350 si
1329 1292 1508 1368 indulgentiae
1532 1295 1721 1353 remissionem
1744 1311 1802 1352 non
1834 1295 1886 1355 du·

229 1401 282 1462 qne
301 1391 366 1442 sunt
385 1383 454 1457 ipsis
471 1383 603 1442 alimenta
625 1383 801 1457 lactentibus,
826 1395 853 1444 et
876 1395 942 1444 etas
969 1403 1030 1444 nec·
1085 1385 1163 1443 bitet.
1565 1433 1569 1450 ,

229 1477 295 1536 dum
311 1474 430 1551 propriis
441 1473 563 1550 peccatis
576 1474 679 1534 inlecta
688 1493 771 1534 onera
782 1476 915 1536 sustinuit
929 1477 1028 1534 aliena.
1120 1472 1234 1531 enter
1249 1473 1309 1534 Vll.
1334 1475 1420 1533 -At
1434 1474 1601 1534 econtrario
1621 1476 1741 1550 peccatis
1752 1479 1886 1538 cumulus

229 1565 330 1628 cibum
351 1581 432 1622 sunm
455 1571 563 1623 mutum
588 1581 671 1640 pecus
693 1564 821 1635 esurivit,
845 1573 873 1621 et
894 1565 1032 1628 naturalia
1085 1562 1210 1636 erigitur,
1232 1563 1256 1620 si
1278 1563 1353 1638 qnod
1375 1564 1542 1634 admittitur,
1568 1565 1597 1623 id
1611 1575 1726 1639 negatur
1741 1582 1749 1622 :
1765 1569 1886 1642 quodin

229 1656 330 1732 pabula
342 1655 455 1715 brutum
471 1654 574 1712 animal
589 1671 645 1712 non
654 1656 769 1728 accepit.
782 1655 857 1713 Unus
867 1654 1031 1713 audiebatur
1083 1648 1156 1708 fecie
1179 1650 1247 1709 Cain
1270 1669 1352 1726 supra
1372 1656 1597 1728 memoravimus,
1621 1657 1669 1732 qui
1692 1658 1760 1717 dum
1775 1661 1887 1734 putarit

228 1762 279 1822 per
292 1746 394 1804 monia
405 1745 530 1803 civitatis
545 1743 663 1817 ejulatus
685 1744 837 1818 disparium
857 1751 1029 1815 naturarum,
1044 1771 1069 1832 B
1084 1739 1199 1798 ductori
1211 1758 1261 1799 suo
1284 1741 1392 1800 lacinus
1416 1744 1561 1820 abnegare,
1574 1763 1604 1806 se
1618 1747 1708 1822 ipsum
1723 1765 1812 1824 qtmnm
1827 1769 1886 1810 non

229 1851 257 1900 et
273 1856 321 1914 per
334 1838 430 1896 omnia
443 1845 517 1898 tecta
530 1838 608 1896 urbis
622 1833 728 1895 llebilia'
746 1836 911 1894 resonabunt
924 1837 1029 1894 lamen·
1083 1839 1124 1888 est
1147 1831 1277 1888 remissus
1302 1831 1424 1890 eximere
1441 1851 1449 1904 ;
1470 1843 1501 1892 nt
1524 1836 1694 1896 conscientia
1708 1837 1736 1896 in
1758 1839 1825 1898 lacti
1837 1841 1885 1900 sni

229 1937 258 1988 ta
273 1927 463 2003 plangentium
478 1945 486 1996 ;
508 1935 535 1984 et
556 1935 587 1984 nt
605 1928 689 1986 semel
709 1925 840 1998 dixerim,
855 1934 927 1984 terra
942 1927 1028 2000 mugi·
1082 1920 1227 1980 atrocitate
1245 1922 1388 1997 publicum
1410 1924 1555 1984 frustraret
1572 1936 1600 1986 et
1613 1943 1649 1985 ex
1666 1928 1814 2002 negatione
1826 1930 1885 1990 lru·

228 2025 275 2078 tna
297 2017 491 2076 confitentium
511 2017 674 2089 sustinebat,
692 2017 740 2076 sed
761 2027 789 2076 et
802 2027 875 2077 astra
889 2017 948 2092 ipsa
962 2034 1029 2076 uoce
1084 2021 1158 2070 ctum
1182 2011 1361 2088 penitentia.
1385 2014 1493 2090 Negans
1508 2016 1583 2074 enim
1597 2027 1638 2076 est
1651 2019 1811 2092 convictus,
1826 2037 1885 2082 uon

230 2106 400 2182 poenitentias
423 2106 616 2180 personabant.
642 2107 788 2182 Impletum
805 2114 847 2164 eat
868 2106 944 2182 qnod
963 2109 1028 2166 scri-
1083 2118 1118 2159 ex
1140 2102 1283 2160 voluntate
1308 2104 1461 2174 confessus,
1489 2114 1517 2163 et
1543 2105 1642 2178 punita
1664 2115 1706 2166 eat
1725 2109 1757 2166 in
1779 2112 1885 2170 seelera

229 2204 309 2270 ptum
322 2203 385 2254 cst:
408 2195 526 2254 «Oratio
539 2195 715 2254 humiliantis
729 2213 758 2254 se
771 2197 859 2256 nubes
874 2199 1029 2272 penetravit
1082 2191 1265 2261 contumacia,
1285 2191 1350 2266 quie
1383 2191 1630 2268 interrogationem
1654 2213 1710 2255 non
1735 2199 1884 2260 subsecuta

231 2287 328 2362 (Eccli.
343 2302 433 2354 mr,
447 2285 532 2358 lli.»
557 2284 682 2362 Denique
697 2286 738 2346 ric
757 2287 877 2362 placarit
891 2288 1028 2346 offensum
1083 2291 1124 2341 est
1147 2281 1282 2342 confitens
1306 2283 1478 2358 poenitentia.
1504 2285 1583 2345 Libet
1606 2287 1692 2362 igitur
1712 2289 1884 2364 pedetentim

229 2377 329 2446 Deum
344 2374 385 2434 sic
395 2372 492 2433 mitem
507 2373 573 2433 lecit
583 2373 715 2448 rigidum,
726 2375 766 2434 sic
775 2374 905 2434 demulsit
915 2377 1028 2448 iratum,
1083 2371 1129 2432 bic
1152 2373 1229 2430 illius
1243 2373 1374 2431 vindicta
1388 2377 1593 2450 septemplicem
1609 2380 1715 2452 aperire
1731 2382 1883 2454 neonem,

230 2474 258 2523 et
266 2479 426 2522 mucronem
436 2462 684 2522 ultionisintbeea
694 2463 852 2524 recondidit
868 2484 874 2526 :
890 2468 956 2540 quia
964 2483 1028 2526 con·
1083 2471 1109 2520 et
1133 2478 1259 2536 nemnem
1283 2479 1362 2522 musa
1388 2466 1509 2540 coegerit
1530 2473 1588 2524 taor
1611 2468 1709 2526 duram
1723 2475 1884 2532 coacervari

229 2555 347 2615 scientia
373 2553 407 2611 de
439 2569 468 2612 ss
488 2551 628 2628 judicium
653 2553 801 2627 judicavit.
828 2555 939 2631 Eripuit
968 2575 1030 2616 reos
1082 2552 1406 2620 sententiam,evidentis
1420 2555 1460 2613 rei
1478 2555 1643 2630 probatione
1658 2568 1833 2632 monstrare;
1850 2581 1885 2622 ne

229 2661 318 2720 peenas
341 2643 490 2710 conlessio,
504 2651 532 2701 et
548 2643 679 2702 vindictas
691 2643 749 2716 J'am
764 2644 871 2703 deditos
887 2648 1030 2720 poeniten-
1083 2641 1246 2700 enormitate
1269 2643 1399 2702 vindictas
1414 2652 1504 2719 pateat
1519 2645 1553 2703 ad
1567 2647 1752 2722 suspicionem
1773 2649 1886 2724 injusti·

230 2735 270 2794 ria
296 2733 410 2792 sibimet
435 2734 598 2793 vindicavit.
630 2735 755 2794 notorum
782 2745 824 2795 ost
846 2738 939 2796 statim
964 2755 1029 2797 con·
1083 2731 1128 2789 tie
1144 2731 1190 2789 via
1212 2732 1377 2791 calumnie:
1400 2749 1557 2810 quanquam
1570 2738 1638 2794 novi
1654 2739 1766 2797 sceleris
1779 2741 1888 2800 iuven·

230 2826 416 2886 demnationis
434 2827 553 2901 elogium
571 2827 701 2902 lacrymis
719 2829 922 2902 confitentium,
937 2840 964 2890 ct
983 2832 1029 2890 ab·
1082 2827 1143 2878 tum
1167 2820 1317 2878 Vehemens
1339 2821 1437 2881 ‘lebedi
1460 2825 1587 2883 ⁰0fflii³li
1611 2827 1791 2902 supplicium,
1809 2833 1887 2906 qued

230 2917 316 2976 solvit
338 2917 474 2974 obnoxios
497 2933 585 2990 poenas
606 2919 764 2992 astipulatio
785 2921 909 2978 confossa
929 2921 963 2979 de
977 2922 1029 2980 ori.
1084 2909 1254 2983 longioribus
1265 2917 1335 2968 esset
1349 2911 1464 2984 posteris
1478 2913 1507 2970 in
1522 2917 1689 2989 exemplum.
1708 2917 1792 2976 Errat
1810 2921 1886 2978 enim
1941 2959 1946 2968 -

231 3004 410 3063 munatius
436 3005 498 3078 ptus
515 3006 589 3064 osus
612 3007 708 3065 tutuo
728 3008 758 3065 tn
780 3025 809 3066 ss
821 3007 959 3082 judicium
974 3027 1028 3084 [ιω.
1083 2999 1129 3072 uui
1145 3005 1222 3072 putu
1236 3015 1292 3057 uno
1305 3000 1520 3061 tenerioribus
1535 3004 1715 3078 parricidam,
1730 3025 1795 3067 cuo
1812 3009 1883 3082 etus·

230 3094 359 3164 nitentes,
375 3100 403 3150 et
417 3101 506 3152 errata
522 3111 578 3152 sue
594 3097 769 3156 conscientiae
790 3114 821 3156 ea
834 3098 1028 3172 astipulatione
1084 3087 1158 3146 ffl⁰di
1182 3089 1292 3148 ⁸⁰⁶¹&ss
1315 3089 1475 3150 lesiiffl0¹¹i⁰
1497 3097 1721 3167 0⁰11⁸¹ll¹ili⁸sint
1735 3101 1883 3158 militie·

230 3181 393 3240 damnantes
406 3183 540 3241 continno
554 3184 669 3243 donavit
691 3191 791 3258 venie,
811 3205 880 3262 quos
901 3187 1028 3245 destina·
1083 3178 1202 3236 cincre:
1227 3179 1310 3237 tudio
1332 3179 1407 3238 enim
1428 3183 1578 3240 Domitium
1597 3184 1724 3244 dixisse:
1755 3191 1883 3264 «Diliges

229 3279 309 3331 verat
331 3289 428 3346 poenm,
448 3281 476 3332 et
498 3272 575 3332 illico
587 3275 709 3350 pepercit
722 3277 843 3348 afflictis,
863 3286 894 3335 nt
908 3279 1029 3352 exempti
1083 3277 1232 3334 Dominum
1247 3279 1334 3335 Deum
1348 3287 1428 3336 tunm
1441 3297 1476 3338 ex
1492 3291 1550 3340 toto
1564 3284 1721 3356 cordetuo,
1735 3295 1882 3348 etextota

231 3362 368 3438 supplicio
386 3364 463 3422 lucra
488 3363 586 3423 fierent
613 3367 734 3440 pietatis.
762 3367 911 3425 Probatum
930 3375 971 3425 est
991 3374 1029 3424 te·
1083 3365 1186 3424 uirtute
1199 3374 1246 3423 tna
1263 3383 1270 3422 :
1285 3374 1314 3426 ct
1326 3367 1426 3443 diligas
1443 3371 1603 3444 proximum
1618 3382 1700 3433 tuum
1715 3383 1882 3452 tanquamte

232 3455 393 3514 stimonium
409 3454 570 3530 prophetiae,
594 3456 668 3531 quod
691 3457 721 3514 in
740 3457 927 3530 superioribus
948 3457 1029 3530 paulo
1083 3453 1174 3528 ipsum
1191 3455 1297 3528 (mace.
1313 3473 1384 3528 xxrr,
1400 3458 1445 3529 dl,
1458 3459 1505 3534 39)
1518 3478 1550 3530 ;ι
1572 3465 1645 3523 nude
1665 3465 1696 3522 in
1710 3464 1756 3524 luia
1769 3467 1880 3528 dnobus

231 3549 295 3599 anm
312 3541 521 3616 disposuimus:
549 3567 559 3592 ι
578 3544 637 3617 Ego
657 3561 719 3601 sum
733 3545 781 3618 qui
804 3544 882 3602 deleo
899 3544 1029 3621 iniquita·
1084 3541 1220 3602 mandetis
1241 3552 1299 3604 tota
1319 3546 1365 3604 lea
1389 3547 1489 3621 pendet
1502 3559 1530 3609 et
1548 3553 1699 3628 propbetas.
1725 3556 1797 3616 Cum
1813 3575 1877 3633 ergo

234 3638 276 3689 tes
289 3639 362 3702 tuas,
377 3641 405 3689 et
423 3647 479 3689 non
493 3631 696 3690 rememorabor
713 3650 719 3690 :
735 3638 767 3688 tu
781 3640 873 3690 autem
887 3633 945 3690 noli
960 3632 1029 3690 obli·
1083 3631 1191 3693 dnobus
1211 3636 1255 3696 lris
1268 3639 1411 3712 praeceptis
1432 3643 1549 3714 pendeat
1562 3661 1645 3704 omne
1659 3646 1735 3722 qnod
1748 3649 1819 3723 legis
1832 3659 1880 3720 eat,

230 3719 312 3790 uisci,
334 3727 361 3776 et
380 3717 548 3792 judicemur.
567 3721 619 3778 ltic
642 3729 684 3791 tu,
707 3720 808 3795 inquit,
835 3720 912 3796 prior
929 3723 1031 3798 iniqui·
1085 3721 1247 3799 videamque
1261 3723 1329 3784 Cain
1344 3744 1395 3786 nec
1410 3729 1498 3788 Deum
1512 3729 1653 3806 dilexisse,
1668 3735 1879 3811 cnjnsprimnm

230 3817 378 3878 tatestnas,
390 3815 421 3866 nt
427 3805 589 3881 justificeris
598 3810 665 3882 (lsu.
678 3827 758 3880 xum,
773 3810 867 3884 2536)
884 3829 892 3880 ;
908 3835 918 3860 ι
939 3819 967 3869 et
979 3813 1029 3870 its·
1084 3811 1215 3871 fabricam
1226 3815 1362 3876 uiolauit:
1379 3828 1407 3877 et
1420 3835 1580 3892 germanum
1591 3823 1769 3885 vehementer
1779 3828 1880 3900 odisse,

231 3889 293 3958 ru'm
310 3917 317 3956 :
338 3921 348 3949 ι
362 3897 431 3957 Cum
446 3914 596 3957 conversus
615 3899 702 3958 fueris
722 3908 750 3958 et
770 3900 948 3976 ingemueris,
964 3908 1030 3961 tunc
1084 3919 1165 3976 quem
1179 3903 1313 3966 instinctu
1323 3907 1473 3984 impietatis
1484 3913 1588 3972 occidit
1598 3931 1605 3971 ε
1617 3917 1823 3992 apparetillnm
1837 3921 1880 3980 ad·

229 3986 381 4046 salvaberis
396 3986 463 4061 (lac.
482 4003 553 4056 xxx,
569 3989 613 4061 ld)
632 4007 639 4059 ;
655 4015 665 4039 »
686 3995 714 4046 et
739 3989 839 4046 iterum
855 4007 862 4047 :
886 3991 1029 4050 «Concor
1083 3992 1159 4053 bunc
1175 4011 1276 4054 munus
1287 3997 1552 4072 solvissevindictae,
1565 4003 1595 4061 in
1607 4003 1686 4080 cnjus
1696 4007 1770 4066 lacto
1783 4017 1883 4068 cnncu

229 4077 325 4136 timini
346 4076 380 4135 ad
400 4075 551 4134 Dominum
570 4079 658 4135 Deum
680 4086 804 4136 restrum
825 4096 832 4148 ;
858 4080 923 4154 qnia
949 4080 1029 4138 mise·
1084 4082 1266 4144 inveniuntur
1286 4085 1405 4148 crimina
1419 4091 1577 4150 convenire.
1592 4093 1629 4154 m
1643 4093 1707 4168 jure
1722 4096 1754 4154 in
1769 4098 1821 4157 illo
1835 4117 1880 4158 ex·

229 4167 316 4226 ricors
344 4173 373 4224 et
399 4165 462 4239 pius
490 4176 542 4238 est,
569 4168 677 4240 patiens
702 4175 729 4225 et
755 4169 850 4230 multae
875 4169 1031 4228 misericor.
1084 4183 1173 4232 ertum
1200 4174 1358 4248 septiforme
1381 4177 1559 4254 supplicium,
1574 4180 1604 4240 in
1620 4198 1675 4258 qno
1696 4185 1831 4245 universa
1845 4196 1882 4246 te·

229 4256 293 4327 din,
320 4263 348 4315 et
372 4256 421 4329 qui
445 4257 594 4315 sententias
619 4255 711 4316 flectat
734 4256 880 4315 adversum
909 4259 1030 4318 malitias
1083 4261 1185 4320 nebant
1202 4264 1304 4320 scelera
1326 4265 1522 4340 principatum.
1542 4269 1579 4328 ttt
1601 4277 1694 4330 nmen
1716 4276 1878 4348 specialiter

230 4345 363 4418 irrogatas
378 4345 457 4418 (loct.
482 4362 513 4415 11,
534 4346 579 4416 ta,
599 4346 681 4420 tet..
705 4341 782 4404 Unde
805 4354 832 4405 et
854 4347 1030 4408 beatissimus
1083 4357 1186 4425 septem
1200 4351 1230 4408 in
1245 4351 1294 4410 illo
1314 4352 1490 4427 deprehendo
1513 4355 1627 4434 tlagitia,
1641 4361 1743 4434 quibas
1760 4364 1878 4440 singulis

229 4431 320 4492 Dauid
337 4450 343 4488 :
370 4456 381 4483 ‹
403 4426 560 4504 Peccatum,
585 4435 688 4509 inquit,
711 4451 804 4493 meum
829 4451 879 4510 ego
901 4436 982 4510 sciti,
1001 4446 1029 4496 et
1083 4440 1191 4515 singula
1204 4448 1269 4499 sunt
1282 4439 1411 4515 deputata
1425 4453 1583 4518 tormenta;
1598 4449 1718 4524 primum
1733 4453 1812 4512 enim
1827 4456 1878 4514 cn'·

230 4520 405 4595 iniquitatem
425 4535 514 4578 meam
537 4537 594 4579 uon
611 4523 752 4597 cooperui.
777 4529 852 4589 504
869 4525 947 4596 Dixi,
963 4543 1027 4584 con·
1043 4501 1069 4561 ⁰
1083 4545 1144 4587 men
1163 4538 1214 4602 est,
1237 4531 1371 4606 quianon
1395 4545 1468 4594 recte
1482 4535 1603 4606 divisit3
1629 4537 1683 4598 boc
1695 4547 1748 4613 est,
1765 4542 1802 4600 de
1816 4543 1878 4618 pri-

230 4615 330 4675 dtebor
342 4616 486 4676 adversum
500 4634 545 4675 mc
560 4619 725 4693 injustitiam
751 4639 839 4680 meam
854 4623 983 4694 Domino,
1001 4631 1028 4682 et
1081 4623 1188 4681 mitivis
1209 4633 1288 4681 terras
1312 4623 1448 4684 lructibns
1463 4627 1554 4702 primo
1576 4630 1708 4701 comedit,
1725 4642 1877 4710 uniquam

229 4711 263 4764 tn
283 4705 414 4766 remisisti
436 4705 610 4782 iniquitatem
634 4711 738 4783 peccati
762 4711 817 4770 mei
841 4715 929 4787 (Paul.
945 4730 1026 4784 xxxr,
1081 4711 1182 4770 obtulit
1198 4730 1204 4770 :
1220 4714 1371 4774 secundum
1388 4723 1439 4785 est,
1463 4717 1529 4791 quia
1541 4735 1605 4778 rum
1618 4720 1744 4780 muneris
1766 4725 1812 4782 sui
1831 4725 1878 4783 dia

229 4794 261 4867 li)
281 4813 320 4864 3·
349 4796 525 4856 etiterum:
555 4799 655 4868 «Quia
672 4799 847 4876 iniquitatem
871 4819 959 4860 meam
978 4817 1028 4876 ego
1082 4817 1165 4874 gnum
1186 4799 1326 4860 rideretur
1346 4805 1481 4878 accepisse
1499 4806 1656 4880 repudium,
1684 4819 1877 4874 contumacem

230 4883 298 4954 acio,
308 4891 337 4942 et
348 4893 489 4960 peccatum
504 4903 596 4945 meum
610 4906 701 4948 coram
712 4908 756 4950 me
766 4900 808 4950 est
821 4909 928 4967 semper
938 4895 1025 4968 (Paul.
1081 4892 1207 4966 concepit
1220 4892 1347 4967 spiritum
1362 4912 1370 4964 ;
1383 4907 1411 4952 et
1434 4913 1497 4954 cnm
1512 4899 1591 4956 nulla
1606 4897 1713 4973 reiecta
1727 4902 1879 4966 oblationis

229 4989 256 5046 t,
271 4973 339 5048 dl.»
360 4973 446 5032 Vides
461 4991 525 5049 ergo
540 4979 702 5053 quotidiano
716 4980 746 5036 in
768 4997 797 5038 se
820 4984 943 5056 peccanti
958 4999 1028 5056 opus
1080 4981 1161 5053 culpa
1182 4981 1222 5055 pii
1246 4982 1340 5040 lratris
1360 4984 1513 5052 exsisteret,
1534 4987 1612 5061 quasi
1626 4988 1831 5052 vindicandum
1849 5011 1878 5052 ae

229 5077 288 5120 esse
298 5061 418 5136 jndicio,
444 5081 499 5140 quo
522 5083 585 5125 cum
605 5068 726 5126 nudatur
746 5073 924 5141 conscientia,
940 5071 1028 5145 operi·
1080 5068 1217 5128 inlaustnr
1239 5070 1358 5130 credidit
1382 5071 1416 5130 de
1438 5075 1569 5146 Auctore,
1583 5076 1609 5134 si
1628 5093 1679 5153 pro
1692 5077 1749 5141 hoc
1762 5081 1876 5142 tratrem

229 5151 363 5228 tur(l3);
379 5161 478 5214 etcum
489 5155 657 5232 publicatur,
666 5160 800 5233 operitur.
810 5161 847 5218 m
857 5161 1027 5220 licetnotum
1080 5160 1136 5217 Deo
1151 5161 1294 5234 probatum
1319 5163 1459 5223 videretur
1472 5165 1617 5224 occidere:
1643 5172 1758 5230 tertium
1772 5175 1878 5232 crimen

229 5240 266 5299 sit
284 5243 341 5302 Deo
362 5262 444 5305 omne
467 5249 541 5324 qnod
564 5247 696 5324 gerimus,
720 5266 771 5310 nec
792 5251 946 5310 occultetur
967 5268 1027 5310 sen·
1080 5254 1220 5328 estquod
1238 5255 1430 5314 invidiaelelle
1452 5259 1594 5330 collectus,
1608 5269 1636 5319 et
1656 5263 1756 5322 livoris
1770 5267 1879 5325 amari-

229 5330 306 5392 aibns
320 5332 390 5409 ejns,
404 5341 552 5413 antequam
567 5337 616 5398 dat
629 5358 638 5410 ;
653 5341 762 5399 mavult
775 5349 867 5399 umen
880 5339 973 5400 cordis
985 5341 1027 5399 tui
1079 5341 1177 5400 tudine
1200 5352 1361 5416 venenatus,
1385 5345 1645 5410 innocentissimum
1655 5353 1760 5411 uelauit
1775 5359 1878 5415 truen-

266 5549 326 5634 (13)
349 5553 390 5638 lta
412 5552 592 5638 codexltem.
609 5574 617 5626 ;
633 5555 699 5615 edit.
722 5557 880 5627 ueroGill.,
903 5573 1027 5632 quocum
1078 5558 1237 5637 conjectura
1268 5559 1297 5619 in
1320 5560 1398 5622 Rom.
1425 5561 1492 5624 edit.
1519 5573 1626 5626 textum
1651 5567 1771 5632 admissa
1798 5573 1876 5636 luit:

229 5630 386 5682 cocaermbo
400 5633 521 5697 operum
535 5645 543 5696 ;
558 5628 588 5686 in
602 5644 700 5702 marg,
716 5628 787 5687 torte
799 5631 921 5704 curcur
936 5648 944 5699 ;
966 5649 1026 5706 quae
1079 5634 1155 5693 abeat
1173 5643 1264 5694 nutem
1278 5638 1360 5698 etiam
1374 5640 1408 5699 ab
1419 5641 1511 5718 illajad
1524 5642 1654 5702 cadom.
