4094 6182
285 337 339 398 sot

794 325 842 385 Ao
866 322 985 384 OPERA
1003 322 1031 380 S.
1052 317 1219 379 AMBROSII
1238 315 1429 377 APPENDIX.

329 460 421 534 (Vere.
439 457 495 530 ll.)
515 478 525 503 ι
542 455 612 514 Cum
627 470 714 512 essem
730 451 871 525 parvulus,
888 449 967 522 quasi
982 447 1127 522 perun-A
1143 442 1228 501 licat:
1254 441 1302 516 qni
1324 455 1390 498 vero
1410 438 1567 513 prophetat,
1594 434 1744 494 Ecclesiam
1772 432 1900 490 edificat.
1919 462 1928 488 t

297 551 341 609 lus
354 547 497 623 loquebar,
510 546 587 620 qnasi
602 544 733 620 parvulus
756 539 904 615 sapiebam,
927 538 1005 613 quasi
1025 553 1084 611 par-

287 644 371 700 vulus
389 637 557 714 cogitabam:
574 646 602 696 at
615 637 664 694 uhi
691 633 779 691 iactus
803 648 864 688 sum
890 631 945 700 vir,
963 646 994 686 ca
1021 645 1082 703 qnae

286 734 396 810 paruuli
422 739 500 790 erant
526 728 661 789 destruxi.
678 753 687 777 ‚
708 726 767 782 lice
781 723 861 792 dicit,
874 722 940 796 qnia
952 729 1084 778 exeuntes

285 825 373 883 saneti
393 823 427 881 de
450 823 503 880 hoc
530 819 644 886 mundo,
670 818 733 891 plue
746 830 856 873 neeesse
870 820 911 870 est
923 811 1077 878 inveniant,

287 937 369 994 quem
386 934 461 976 nune
477 924 584 990 putant,
597 914 671 972 sicut
688 913 806 968 loannes
819 908 958 982 apostolus
971 907 1005 964 de
1019 903 1084 962 Sel-

285 1022 380 1069 uatore
401 1007 493 1065 dixit:
526 1005 628 1062 «Tunc
651 1000 808 1058 videbimus
829 998 921 1066 illurn,
946 995 1027 1054 sicuti
1040 1000 1082 1050 est

286 1100 317 1173 (Ι
327 1100 407 1156 loeo.
422 1113 464 1165 ιιι,
481 1094 521 1166 2).
536 1118 546 1142 ›
567 1095 600 1150 ln
611 1093 663 1149 hac
673 1107 737 1164 ergo
749 1089 808 1147 uita
822 1086 930 1162 paruuli
939 1102 1034 1143 snmus
1048 1084 1083 1141 ad

286 1186 519 1260 comparationem
534 1183 634 1239 lutura
659 1181 746 1247 uitae3
771 1178 837 1251 qnia
857 1176 928 1234 sient
946 1176 1004 1232 vita
1025 1174 1084 1231 haec

286 1275 449 1350 imperiecta
462 1281 513 1342 est,
530 1271 568 1328 ita
581 1279 609 1328 et
622 1269 748 1327 scientia.

324 1364 415 1437 (Vere.
432 1363 489 1436 la.)
516 1360 684 1419 «Videmus
713 1372 788 1413 nune
812 1370 861 1429 per
886 1349 1028 1426 specuium
1054 1343 1083 1402 in

287 1461 449 1534 enigmate3
464 1465 532 1515 tuno
545 1469 611 1510 vero
625 1449 695 1508 iacie
709 1448 744 1506 ad
755 1447 884 1506 faciam.»
901 1448 1034 1516 Apertum
1044 1443 1085 1494 est

287 1575 361 1617 nunc
379 1554 513 1630 imagines
538 1551 628 1610 uideri
655 1565 703 1623 per
722 1545 820 1614 fidem,
847 1553 916 1601 tunc
942 1555 986 1596 res
1013 1532 1084 1590 156

247 1711 249 1714 ,
287 1649 370 1722 ipses.
393 1671 403 1695 ι
417 1645 499 1704 liudo
514 1643 571 1702 scio
587 1659 620 1699 err
633 1645 723 1713 parte;
740 1643 807 1692 tunc
824 1649 891 1690 vero
910 1644 1083 1702 cognoscam,

287 1739 360 1796 sicut
373 1743 400 1792 et
412 1735 539 1807 cognitus
553 1746 636 1788 sum:
656 1754 666 1778 ι
686 1726 715 1783 id
735 1734 787 1794 est,
815 1720 915 1779 urdeho
938 1734 999 1793 qnae
1023 1731 1085 1789 pro·

289 1825 371 1884 missa
385 1832 461 1894 sunt,
476 1823 548 1881 sieut
563 1819 677 1886 videor;
693 1818 747 1874 hoc
765 1821 817 1884 est,
839 1816 1001 1886 presentem
1027 1822 1084 1864 esse
1098 1823 1122 1884 B

287 1917 321 1975 ad
335 1917 496 1982 Dominum,
508 1912 556 1970 uhi
572 1910 698 1970 Christus
710 1914 760 1964 cst.

324 2008 416 2082 (Vere.
429 2004 487 2077 13.)
510 2003 643 2060 nllanent
654 2006 745 2056 antmn
758 2010 833 2054 nune
842 1990 921 2060 fides,
936 2004 1008 2062 spes,
1023 1986 1086 2044 chu-

288 2101 365 2168 ritas,
382 2097 435 2156 tria
450 2095 509 2154 haec
524 2110 531 2150 :
548 2091 636 2164 major
649 2099 742 2148 antem
752 2087 852 2146 horum
871 2092 913 2142 est
926 2079 1079 2138 charitas.»

287 2189 375 2263 Digna
391 2185 478 2260 major
500 2193 540 2242 est
557 2181 694 2242 charitas:
716 2177 781 2253 quia
793 2185 823 2234 ut
839 2173 907 2230 fides
926 2169 1087 2244 predicare-

288 2290 344 2350 tur,
367 2287 394 2336 et
417 2293 479 2351 spes
503 2281 574 2332 esset
599 2271 701 2328 iutnrae
716 2268 791 2336 vite,
815 2263 935 2322 charitas
947 2257 1085 2333 praestitit,

289 2372 361 2428 sicut
375 2383 458 2441 supra
476 2362 637 2422 memoravi.
654 2359 731 2418 Unde
748 2366 776 2414 et
790 2357 907 2412 loannes
922 2349 1062 2424 apostolus
1078 2363 1084 2403 :

295 2462 367 2518 «Ex
390 2459 444 2516 hoc
470 2453 669 2529 cognoscimus,
698 2446 800 2522 inquit,
826 2444 989 2503 charitatem
1016 2437 1086 2510 ejus,

1138 534 1190 591 Per
1204 532 1233 590 id
1248 531 1333 602 enim,
1349 528 1423 605 quod
1448 528 1519 587 forte
1540 528 1616 585 solus
1636 525 1698 595 seit,
1713 523 1786 599 quod
1802 521 1935 598 loquitur,

1137 637 1166 678 se
1181 621 1268 677 solum
1283 619 1423 677 edificat:
1440 633 1503 675 nam
1523 617 1570 691 qni
1585 615 1740 689 prophetet,
1755 629 1865 670 omnem
1881 613 1936 685 ple·

1138 707 1200 764 hem
1222 708 1350 779 aediiieat,
1376 707 1444 765 dum
1470 706 1636 780 intelligitur
1661 703 1696 760 ah
1719 700 1848 758 omnihus
1870 700 1938 774 quid

1138 797 1277 872 loquatur.
1293 796 1445 870 Prophetas
1456 801 1620 869 interpretes
1634 793 1703 852 dicit
1715 791 1937 866 seripturarum

1138 887 1298 944 sicutenim
1322 887 1456 960 propheta
1477 887 1570 943 lutura
1585 884 1720 958 prodicit,
1735 899 1797 957 qua
1810 881 1939 940 nesciun-

1138 984 1200 1032 tur:
1217 975 1255 1032 ita
1265 984 1291 1033 et
1300 976 1347 1032 hic
1356 975 1423 1032 dnm
1434 975 1636 1048 scripturarum
1647 987 1769 1042 sensnm,
1780 971 1829 1046 qui
1842 973 1940 1029 multis

1138 1064 1265 1121 occultus
1279 1072 1331 1134 est,
1353 1063 1521 1132 manifestat,
1540 1061 1644 1120 dicitnr
1657 1061 1830 1135 prophetare.

1175 1153 1266 1227 (Vera.
1282 1153 1324 1226 5.)
1343 1177 1353 1201 ‹
1369 1153 1440 1212 Volo
1452 1160 1544 1212 autern
1557 1169 1607 1209 vos
1621 1167 1716 1208 omnes
1725 1150 1802 1224 loqui
1818 1149 1937 1222 linguis:

1139 1244 1226 1316 magis
1246 1251 1337 1300 autem
1363 1251 1395 1300 ut
1416 1242 1595 1317 prophetetis.
1612 1267 1622 1290 ι
1642 1240 1703 1298 Non
1725 1249 1830 1313 poterat
1845 1241 1939 1314 prohi-

1138 1332 1201 1390 here
1225 1331 1302 1407 loqui
1324 1332 1438 1406 linguis,
1461 1330 1509 1406 qui
1524 1331 1650 1405 superius
1665 1331 1768 1386 donum
1783 1329 1855 1388 istud
1870 1329 1940 1388 dicit

1139 1438 1196 1479 esse
1219 1422 1337 1496 Spiritus
1356 1424 1460 1481 saneti:
1486 1422 1532 1480 sed
1557 1422 1619 1478 ideo
1643 1420 1825 1494 prophetandi
1852 1420 1939 1492 magia

1138 1511 1262 1570 studium
1285 1511 1453 1582 habendum,
1477 1512 1543 1586 quia
1566 1510 1664 1568 utilius
1687 1518 1738 1568 est.
1768 1508 1884 1582 ‹llajor
1898 1519 1940 1568 est

1139 1602 1214 1662 enim
1232 1602 1279 1676 qui
1296 1601 1452 1676 prophetat,
1469 1617 1551 1676 qnam
1566 1601 1613 1675 qui
1628 1599 1752 1674 loquitur
1765 1600 1869 1674 lingna,
1883 1599 1941 1658 nisi

1139 1690 1376 1764 interpretetur.»
1411 1691 1482 1760 Quia
1504 1691 1528 1748 si
1551 1689 1726 1762 interpretari
1751 1691 1861 1763 poterit,
1882 1706 1940 1746 non

1139 1784 1191 1842 erit
1220 1784 1329 1852 minor;
1356 1783 1422 1857 quia
1449 1782 1602 1841 Ecclesiam
1631 1781 1765 1840 aediiicat:
1790 1781 1842 1839 hoe
1863 1783 1941 1839 enirn

1140 1871 1229 1944 majus
1248 1881 1300 1942 est,
1325 1869 1401 1945 qnod
1422 1870 1553 1927 omnihus
1581 1869 1702 1944 prodest.
1728 1869 1779 1926 liic
1800 1868 1876 1926 enim
1891 1885 1942 1942 per

1140 1961 1244 2019 donum
1257 1960 1307 2017 Dei
1322 1959 1425 2032 linguis
1439 1959 1574 2033 loquitur,
1593 1957 1641 2033 qni
1666 1958 1750 2016 etiam
1778 1959 1941 2033 interpreta-

1139 2060 1196 2123 tur,
1219 2053 1290 2111 aient
1311 2061 1339 2112 et
1353 2053 1396 2111 illi
1412 2052 1559 2111 duodecim
1576 2052 1606 2109 in
1620 2050 1737 2110 Actibus
1752 2053 1939 2126 apostolorum

1142 2141 1213 2216 (Aet.
1227 2159 1259 2212 rr,
1273 2142 1314 2215 h).

1178 2233 1269 2306 (Vera.
1281 2231 1322 2304 6.)
1345 2257 1354 2279 ι
1369 2231 1448 2290 Nunc
1459 2239 1560 2300 antem,
1571 2230 1679 2300 fratres,
1693 2230 1716 2289 si
1729 2247 1831 2290 venero
1844 2231 1879 2290 ad
1889 2248 1941 2291 uos

1140 2320 1243 2394 linguis
1266 2321 1391 2394 loquens,
1416 2319 1484 2394 quid
1513 2318 1593 2377 vohis
1617 2319 1742 2393 prodero,
1767 2321 1822 2379 nisi
1843 2323 1943 2396 loquer

1140 2409 1220 2467 vohis
1236 2417 1283 2468 aut
1299 2409 1328 2466 in
1342 2409 1519 2480 revelatione,
1534 2417 1581 2467 aut
1596 2409 1625 2466 in
1641 2410 1750 2480 notitia,
1766 2418 1813 2469 aut
1833 2413 1862 2469 in
1878 2429 1943 2486 pro·

1141 2498 1244 2573 phetie,
1257 2507 1305 2556 aut
1319 2499 1349 2557 io
1365 2497 1516 2557 doctrinar
1531 2525 1540 2548 ι
1562 2499 1627 2556 llaec
1640 2499 1734 2556 omnia
1747 2517 1835 2558 nuum
1853 2501 1943 2576 signi·

287 2552 353 2627 quia
365 2550 423 2623 ipse
438 2563 487 2620 pro
501 2544 582 2602 nohis
596 2542 716 2598 animam
726 2552 803 2595 suam
815 2533 906 2608 posuit
922 2532 1033 2606 (Iloua.
1044 2545 1085 2596 ιιι,

289 2645 346 2717 llll.
363 2667 373 2692 ι
398 2641 474 2696 iuste
493 2635 579 2711 igitur
592 2631 681 2705 major
699 2628 830 2697 charitas,
844 2642 893 2700 per
906 2638 988 2698 quam
1003 2619 1086 2677 reior-

289 2740 394 2794 matum
407 2737 449 2788 ea
467 2743 553 2803 genus
567 2725 730 2864 hmalffum'
1141 2773 1244 2843 dantia,
1270 2772 1330 2830 sive
1353 2772 1431 2842 tihia,
1456 2773 1516 2830 sive
1540 2772 1655 2842 cithara,
1680 2773 1704 2830 si
1729 2772 1943 2831 distinctionem

575 2847 690 2909 CAPUT
717 2844 794 2904 XIV·
1140 2865 1248 2923 sonitus
1263 2879 1319 2921 non
1334 2863 1479 2933 dederunt,
1504 2863 1642 2938 quomodo
1664 2875 1843 2936 cognoscetur
1865 2865 1945 2938 qnod

327 2965 418 3038 (Vers-
439 2960 478 3035 i.)
513 2982 523 3007 ¹
545 2952 694 3014 Seclamini
720 2949 893 3018 charitalem,
917 2944 1086 3003 aemssliffiissi
1140 2971 1189 3027 per
1212 2953 1309 3012 tibiam
1330 2953 1450 3025 canitur,
1463 2962 1511 3010 eut
1525 2953 1813 3026 quodeithariaatnri
1826 2954 1944 3013 Etenim

291 3050 448 3126 8ιῖῐῑῑιῧῧῑ
464 3043 552 3119 miili
570 3052 663 3100 illim
676 3047 708 3096 ¹¹¹
726 3034 903 3113 Ρῐθιῧθῑθῑῑι·
919 3057 929 3082 ’
951 3031 1086 3090 Pffiiihil·
1141 3047 1164 3103 si
1178 3046 1312 3104 incertam
1328 3061 1423 3104 vocem
1447 3045 1510 3102 tnha
1529 3045 1647 3116 dederit,
1662 3045 1765 3119 quisse
1780 3045 1891 3118 parabit
1906 3045 1945 3104 ad

291 3143 402 3198 limem
418 3132 602 3212 lffllheifflffi
616 3129 739 3190 studium
755 3125 814 3202 (²⁰)
830 3123 916 3197 magis
928 3121 1087 3179 hibissdllffl
1141 3135 1309 3211 pretiorum
1327 3135 1462 3205 Quoniam
1473 3137 1598 3209 exempla
1607 3134 1716 3194 facilius
1725 3134 1842 3192 suadent
1854 3151 1942 3210 quam

290 3235 432 3292 hortatur:
449 3227 515 3304 quid
524 3216 1083 3302 quamvlsmflsslllhillispiritallisgl'adllh,
1100 3197 1122 3260 G
1139 3225 1234 3295 verba,
1255 3225 1389 3298 exemplis
1416 3225 1591 3284 commendat
1612 3242 1660 3298 per
1686 3240 1746 3300 quae
1774 3224 1854 3281 facile
1866 3240 1943 3281 agge.

287 3343 358 3402 quos
371 3328 514 3382 enumerat
526 3337 533 3376 2
549 3319 597 3377 hie
611 3326 703 3376 tamen
722 3313 830 3382 melior,
853 3310 901 3385 qui
921 3309 956 3366 td
980 3309 1084 3365 ulilild·
1140 3325 1260 3390 qnantur
1273 3333 1329 3372 non
1343 3314 1442 3372 dehere
1455 3315 1520 3372 illos
1534 3316 1564 3370 in
1577 3315 1702 3374 Ecclesia
1725 3315 1801 3388 loqui
1822 3314 1943 3387 linguis,

286 3425 342 3475 idm
357 3413 487 3475 Ecclesiae
497 3410 617 3487 promit,
631 3417 662 3467 ut
676 3406 784 3465 discant
797 3397 1085 3470 omnesdivinaelegis
1139 3407 1188 3481 qui
1204 3404 1379 3477 interpretari
1402 3404 1458 3460 non
1478 3413 1602 3477 possunt,
1619 3405 1655 3462 Ut
1672 3405 1740 3478 quid
1754 3403 1827 3462 enim
1842 3404 1944 3479 loqug.

285 3508 431 3566 rationem.
447 3507 480 3562 ln
496 3519 550 3578 qno
567 3501 641 3560 enirn
657 3497 719 3572 quis
732 3496 856 3553 animum
871 3489 987 3558 dederit,
1008 3488 1037 3544 in
1051 3501 1084 3543 eo
1138 3502 1195 3564 mr,
1209 3509 1290 3567 quem
1305 3509 1385 3549 nemo
1397 3491 1557 3564 intelligit?

286 3599 347 3672 ipso
368 3593 469 3667 accipit
493 3590 608 3660 donum,
636 3587 745 3645 dicente
775 3584 939 3642 Salomone:
976 3577 1083 3634 «Scire
1176 3585 1266 3656 (Vera.
1282 3584 1324 3657 9.)
1346 3583 1411 3640 ·1ta
1423 3590 1450 3640 et
1473 3599 1523 3640 vos
1545 3598 1594 3655 per
1612 3582 1735 3655 linguam
1759 3583 1813 3642 nisi
1831 3583 1945 3658 signill-

287 3689 383 3762 legem,
409 3700 504 3742 sensns
528 3692 568 3741 eet
587 3679 685 3756 optimi
706 3680 784 3754 (Sap.
799 3695 838 3748 vr,
856 3677 921 3749 l6);
939 3700 948 3726 ι
969 3671 1084 3733 seientia
1138 3680 1246 3732 canmm
1261 3687 1414 3730 sermonem
1428 3671 1572 3742 dederitis,
1586 3673 1725 3745 quomodo
1748 3672 1850 3730 scietur
1868 3674 1946 3748 qnid

286 3778 360 3834 enim
373 3775 516 3850 sseharitate
534 3771 654 3830 subnixa
675 3785 730 3827 non
754 3767 877 3837 iniletur,
892 3763 940 3822 sed
954 3771 995 3822 est
1008 3779 1082 3820 man·
1139 3762 1312 3838 loquimini?
1330 3761 1417 3819 Eritis
1439 3761 1514 3820 enim
1538 3763 1567 3818 in
1587 3778 1650 3819 aera
1673 3764 1856 3838 loquentem·
1884 3763 1948 3822 hoe

285 3881 373 3944 sueta,
390 3871 537 3948 proficiens
550 3868 679 3926 omnihus
692 3865 726 3924 ad
738 3865 898 3923 utilitatem.
1138 3863 1188 3924 est,
1204 3852 1275 3909 nihil
1289 3851 1472 3927 proficientes.
1488 3853 1572 3911 «Nam
1587 3853 1684 3923 multe,
1700 3862 1732 3912 ut
1746 3859 1822 3926 puta,
1838 3869 1948 3927 genera

324 3963 416 4036 (Vera.
431 3961 472 4033 Ξ.)
496 3961 587 4018 «Nam
603 3958 652 4032 qui
664 3955 788 4032 loquitur
804 3954 907 4028 lingua,
923 3967 980 4008 non
994 3947 1082 4006 homi·
1139 3944 1295 4017 linguarum
1318 3950 1383 4000 sunt
1398 3940 1428 3998 io
1452 3942 1504 4001 hcc
1520 3941 1635 4012 mundo,
1653 3952 1680 3999 et
1696 3941 1766 3998 nihil
1782 3943 1842 3998 sine
1855 3959 1946 4006 voce.

287 4053 370 4110 nihus
384 4051 517 4126 loquitur,
533 4049 580 4108 sed
595 4051 670 4116 Deo:
692 4061 774 4103 nemo
786 4044 860 4100 enim
881 4041 968 4110 audit,
983 4037 1083 4112 spirito
1139 4033 1226 4090 Multa
1252 4030 1389 4106 (quidem)
1413 4047 1511 4104 genera
1536 4040 1600 4090 sunt
1619 4031 1808 4105 linguarum·
1830 4027 1945 4104 inquit,

286 4151 378 4201 antem
392 4142 516 4217 loquitur
530 4137 692 4213 mysteria.»
713 4137 771 4194 lloc
783 4142 824 4192 est
838 4133 912 4207 quod
926 4130 1005 4197 dicit,
1018 4128 1083 4202 quie
1138 4122 1186 4179 sed
1214 4121 1317 4179 hahent
1343 4122 1467 4195 proprias
1488 4139 1588 4180 uocum
1609 4120 1833 4195 significationes,
1849 4127 1883 4176 ut
1896 4119 1948 4176 irr-

286 4233 335 4305 qni
349 4232 474 4306 loquitur
490 4227 747 4303 incognitalingua,
772 4226 830 4282 Dec
855 4221 994 4296 loquitnr;
1019 4217 1084 4293 quia
1138 4213 1311 4286 telligautur.

287 4320 344 4392 ipse
358 4320 453 4377 omnia
466 4319 563 4376 novit:
584 4317 711 4376 homines
729 4331 794 4373 vero
813 4312 951 4380 nesciunt,
967 4308 1083 4382 ideoque
1175 4305 1266 4376 (llere.
1283 4302 1327 4374 to,
1349 4305 1406 4377 ll.)
1428 4303 1479 4361 ‹Si
1491 4319 1555 4377 ergo
1569 4302 1691 4361 nesciero
1704 4301 1835 4360 uirtutem
1845 4300 1949 4369 vocis,

287 4409 381 4467 nullus
395 4415 482 4465 estex
501 4407 553 4465 hac
567 4423 595 4464 re
610 4405 758 4481 proiectus.
782 4402 917 4476 «Spiritu
929 4407 1019 4457 autem
1038 4399 1083 4454 lo·
1138 4411 1185 4451 ero
1206 4395 1231 4451 ei
1259 4395 1304 4452 cui
1327 4395 1435 4469 loquor,
1461 4394 1609 4452 barbarus:
1635 4400 1662 4448 et
1689 4391 1713 4446 is
1733 4393 1781 4465 qui
1801 4391 1948 4465 loquitur,

286 4498 382 4572 quitur
402 4495 544 4569 mysteria,
567 4519 577 4544 ι
597 4511 656 4552 ιιοιι
675 4510 769 4562 senso,
795 4492 860 4566 qnia
882 4491 991 4564 ignorat
1010 4485 1081 4561 quod
1142 4484 1212 4541 mihi
1225 4484 1394 4544 harhems.›
1414 4485 1475 4543 Non
1489 4483 1586 4554 utique
1599 4478 1628 4536 id
1641 4479 1809 4538 studendum
1829 4489 1951 4554 monet,

286 4589 364 4647 dicit.
1100 4551 1173 4633 Dnt
1200 4575 1319 4634 invicem
1343 4591 1391 4648 per
1416 4569 1583 4643 incognitam
1608 4570 1730 4642 linguam
1758 4568 1867 4628 harhari
1880 4569 1953 4630 sibi

322 4684 414 4757 (Vera.
438 4683 478 4758 3.)
502 4707 511 4733 ι
527 4681 580 4750 Qui
595 4680 669 4739 enim
693 4677 848 4752 prophetat,
869 4674 1031 4734 hominihus
1044 4672 1082 4728 lo·
1139 4666 1286 4725 uideantur
1302 4684 1308 4721 :
1324 4663 1371 4720 sed
1394 4661 1459 4735 qnia
1482 4658 1636 4716 concordiae
1651 4675 1694 4716 res
1712 4668 1764 4730 est,
1779 4659 1822 4717 his
1836 4659 1956 4718 niten-

286 4771 381 4846 qnitnr
395 4771 429 4830 ad
445 4771 667 4841 aedificationem,
682 4777 709 4826 et
723 4765 954 4834 exhortationem,
970 4771 997 4820 et
1010 4779 1083 4820 eon·
1138 4757 1205 4815 dum
1233 4761 1284 4823 est,
1305 4759 1337 4809 nt
1363 4761 1411 4824 per
1430 4746 1641 4806 unanimitatem
1668 4748 1825 4808 intellectus
1851 4764 1957 4808 com—

286 4862 449 4920 solationem
461 4881 489 4932 ;·
510 4862 663 4921 aedificatur
676 4860 763 4928 enim,
774 4855 884 4932 qnando
898 4853 1082 4930 questionum
1138 4845 1216 4904 muni
1230 4842 1327 4900 laetitia
1344 4838 1510 4913 glorientur.

285 4951 603 5026 solutionem,addiscit.
627 4947 792 5008 Exhortatio
812 4953 905 5004 aulem
925 4943 969 5000 illi
987 4942 1029 5011 fil,
1052 4949 1082 4998 tlt
1178 4941 1248 5000 157
1264 4943 1354 5017 (Vere.
1369 4942 1427 5017 12.)
1448 4943 1521 5000 «Sir,
1532 4949 1559 4998 et
1572 4958 1633 5010 vos,
1655 4941 1785 5014 quoniam
1814 4941 1962 5000 &mula-

286 5047 454 5106 desiderium
477 5045 597 5120 patiatur
615 5039 816 5117 prophetandi:
832 5039 991 5098 consolatur
1005 5050 1104 5104 uero,⁸
1135 5038 1209 5089 tores
1234 5031 1300 5090 estis
1322 5031 1469 5105 spirituum
1499 5031 1533 5089 ud
1561 5029 1770 5088 edificationem
1802 5029 1962 5094 Ecclesia

286 5140 352 5214 quie
379 5145 568 5214 conmmptum
595 5114 748 5208 disciplina
776 5130 832 5205 (ll)
861 5131 891 5187 in
919 5143 965 5202 spe
994 5125 1081 5184 uidet.
1140 5121 1264 5194 querito,
1279 5128 1311 5178 ut
1324 5120 1595 5194 prophetetisffll.»
1616 5117 1965 5193 QuiaprodestScriptu.

286 5229 407 5289 Scientia
427 5226 501 5284 enirn
528 5225 596 5299 legis
621 5223 712 5280 firmet
725 5219 843 5292 animos,
866 5227 893 5277 et
906 5213 1082 5293 prouocatad
1139 5226 1183 5269 ras
1210 5211 1356 5284 explanare
1382 5209 1457 5284 (nem
1480 5211 1613 5268 incitatur
1637 5215 1664 5266 et
1691 5208 1791 5281 gaudet
1812 5207 1965 5288 animus,

286 5318 344 5394 spei
357 5316 479 5375 melioris
494 5315 658 5388 proiectum.
1137 5300 1247 5375 quando
1262 5300 1367 5374 aliquid
1384 5300 1418 5358 de
1440 5300 1589 5374 Scripturis
1608 5297 1740 5372 percipit:
1757 5305 1785 5354 et
1798 5306 1969 5371 quantum

324 5408 415 5481 (Vera.
430 5406 470 5480 t.)
500 5431 509 5456 ι
522 5405 576 5474 Qui
601 5405 725 5478 loquitur
743 5401 849 5476 lingua,
863 5415 892 5457 se
907 5397 997 5472 ipsum
1011 5383 1083 5452 aediss
1138 5388 1299 5464 propensior
1325 5389 1355 5446 in
1374 5391 1425 5448 hac
1448 5400 1524 5464 parte
1543 5388 1585 5458 ιιι,
1600 5394 1709 5445 tantum
1722 5385 1825 5447 deserit
1838 5387 1969 5467 vitia),

1141 2592 1238 2660 ficant;
1252 2591 1350 2648 docere
1369 2590 1441 2647 enim
1460 2606 1542 2648 nemo
1555 2590 1667 2664 poterit,
1682 2591 1736 2648 nisi
1755 2592 1940 2666 intelligatur.

1177 2684 1269 2757 (Vera.
1286 2683 1355 2755 l,8.)
1379 2707 1388 2731 ‹
1403 2683 1505 2740 'lamen
1516 2699 1576 2756 que
1587 2682 1646 2739 sine
1656 2681 1749 2740 anima
1763 2690 1828 2742 sunt
1842 2701 1943 2742 uocem

323 5553 382 5627 (20)
401 5552 495 5612 Codex
515 5549 614 5621 haud,
634 5539 820 5624 prophetandi,
836 5541 1013 5621 predicandi,
1029 5541 1083 5598 do-
1142 5610 1147 5622 ·
1174 5537 1233 5612 (ιι)
1249 5537 1342 5597 Codex
1356 5535 1429 5599 liall.
1450 5519 1666 5607 ,annotationem
1681 5532 1805 5593 Ecclesia
1823 5539 1977 5605 quor-iu

285 5625 501 5682 eeudistudium.
1136 5611 1318 5685 tamcphetia.

323 5693 383 5768 (²¹)
398 5697 463 5758 llas.
477 5694 617 5764 nonnulli,
628 5693 692 5768 quio
701 5697 846 5767 matemptu
861 5680 1019 5762 discipliane,
1028 5687 1083 5744 etc.
