4094 6182
248 281 303 340 299
751 273 798 328 AD
818 266 934 326 OPERA
955 265 982 322 S.
1004 263 1169 324 ennaestt
1185 261 1377 323 abennem.
1834 264 1887 322 300

246 415 305 462 tum
320 407 390 458 εεεει
412 399 441 456 ιε
463 395 591 466 Domino,
607 411 664 456 non
682 394 767 452 habui
789 394 909 466 requiem
926 392 1037 465 spiritui
1051 395 1077 455 Α
1093 399 1146 448 stat
1159 391 1323 463 fragrantem
1334 393 1399 447 Deo.
1413 387 1501 458 Quam
1519 385 1556 445 ob
1578 403 1687 446 causam
1702 388 1817 446 auxiliis
1830 392 1890 450 suis

247 507 360 557 meo,eo
373 487 446 563 quod
459 503 514 544 non
529 488 683 544 invenerim
698 485 791 541 Titum
806 482 918 539 fratrem
934 499 1040 540 meum:
1096 491 1169 539 tutos
1182 481 1325 555 praestabat
1348 483 1420 538 Deus
1448 480 1596 553 apostolos,
1616 489 1647 537 ut
1661 480 1745 536 verba
1761 482 1821 554 (70)
1838 499 1892 540 co-

247 581 294 639 sed
309 580 369 635 aufe
383 577 440 634 illis
454 577 536 646 fecto,
547 577 685 650 profectus
700 590 759 630 sum
776 571 804 629 in
820 569 1035 628 Macedoniam.»
1097 569 1227 642 pnitienis
1250 571 1309 642 ejus
1331 570 1487 628 infuderent
1511 567 1668 644 patentibus
1681 569 1804 640 auribus,
1831 571 1891 631 sive

246 667 380 728 Troadem
403 683 432 724 se
455 665 606 740 perrexisse
624 661 761 736 significat
782 660 816 718 ad
837 657 1040 733 praedicandum
1096 657 1207 726 luderis,
1222 659 1280 716 sire
1296 660 1454 732 gentilibus,
1476 659 1570 718 addito
1589 659 1633 717 bis
1653 667 1824 718 sacramento
1844 646 1890 720 fra·

246 759 286 817 cis
300 757 480 832 Evangelium
497 761 567 819 175
582 751 697 817 Christi,
707 757 734 808 ει
748 765 810 809 cum
827 749 952 821 coepisset
968 764 1042 820 prac-
1097 748 1213 806 tivitatis
1227 749 1339 805 Domini
1354 750 1416 806 Iesu
1434 749 1585 808 secundm
1604 751 1776 808 voluntatem
1801 751 1851 810 Dei
1864 758 1891 810 ot

246 855 348 923 dicare,
364 851 457 910 'fuisse
474 849 522 926 qui
536 854 664 924 caperent
678 847 792 906 verbnm
817 845 900 903 fidei:
919 843 965 901 sed
979 842 1043 917 quia
1097 838 1184 894 Patris
1197 835 1256 912 ejus
1269 837 1299 894 ιε
1312 838 1417 894 εειιειε
1431 837 1497 894 fidei
1512 839 1638 896 salutaris
1652 839 1687 898 ad
1700 841 1817 898 salutem
1825 857 1891 899 cre-

246 943 375 999 seletium
399 939 454 996 Titi
480 938 579 1008 defuit,
604 936 788 998 intolerabilis
807 941 865 992 erat
886 931 962 989 labor
976 947 1042 1004 per·
1096 929 1231 997 dentium,
1249 935 1278 986 ει
1291 927 1474 1001 perditionem
1488 926 1683 988 diffidentium.

246 1027 427 1102 strepentium
451 1041 541 1084 causa.
563 1025 696 1094 Quamvis
722 1023 795 1082 enim
821 1021 1041 1098 qnidameornm
1133 1016 1223 1089 (Vere.
1241 1016 1297 1090 16.)
1322 1016 1413 1073 «Aliis
1427 1015 1538 1090 quidem
1553 1031 1647 1074 snmus
1661 1016 1730 1075 odor
1748 1019 1846 1078 mortis
1861 1021 1891 1078 in

245 1122 408 1189 aperuerant
432 1113 516 1170 cerda
538 1128 587 1168 sua
614 1111 649 1168 ad
677 1109 867 1184 recipiendum
887 1121 1041 1165 sermonem
1096 1115 1249 1164 mortem.»
1270 1105 1328 1164 lice
1354 1106 1432 1175 dicit,
1457 1107 1522 1182 quia
1551 1107 1703 1167 incredulis
1730 1109 1892 1182 praedicatio

245 1207 295 1264 Dei
308 1224 315 1272 ;
331 1212 423 1260 tamen
437 1202 609 1275 impudentia
619 1201 773 1258 infidelium
786 1201 845 1274 (88)
856 1214 912 1256 εεε
927 1199 1042 1254 minima
1096 1198 1185 1255 crucis
1200 1196 1302 1255 Christi
1317 1195 1494 1254 odormortis
1508 1205 1567 1266 est;
1582 1197 1727 1255 audientes
1739 1199 1814 1256 enim
1830 1215 1891 1258 ver·

247 1295 407 1362 exsistebat,
416 1294 561 1366 insurgens
574 1294 603 1348 in
613 1293 776 1365 Apostolum
786 1293 844 1348 zelo
854 1289 1039 1356 credentiunr;
1096 1288 1161 1346 bum
1172 1288 1232 1357 Dei,
1248 1287 1288 1345 sic
1302 1288 1442 1362 accipiunt
1456 1290 1534 1362 quasi
1548 1297 1661 1364 pestem,
1677 1305 1712 1346 ex
1732 1307 1786 1364 qua
1800 1291 1893 1350 utitur

246 1393 273 1442 et
289 1384 348 1441 haec
360 1382 416 1440 duo
426 1381 460 1438 ab
475 1398 531 1438 une
547 1381 656 1456 impleri
671 1397 727 1438 non
742 1388 886 1454 poterant;
902 1395 999 1450 nempe
1013 1383 1042 1434 et
1096 1393 1190 1435 mors:
1216 1388 1243 1435 ει
1257 1394 1365 1436 necesse
1386 1387 1427 1436 εει
1445 1385 1476 1435 ει
1496 1379 1576 1451 juxta
1597 1379 1679 1436 fidem
1707 1380 1819 1438 illorum
1843 1381 1892 1440 fiat

245 1474 341 1530 fideles
355 1472 502 1540 instruere,
518 1479 547 1528 et
569 1467 720 1527 incredulis
735 1483 895 1542 repugnare.
911 1466 1040 1540 ideoque,
1096 1466 1146 1522 eis.
1168 1467 1262 1524 «Aliis
1284 1473 1374 1523 autem
1399 1466 1466 1524 odor
1487 1468 1550 1523 vitae
1572 1467 1607 1524 ad
1633 1469 1756 1525 vitamst
1786 1469 1890 1527 Verum

248 1563 311 1618 vale
325 1561 382 1618 illis
397 1560 479 1630 facto,
499 1559 548 1634 qui
570 1565 744 1632 susceperant
758 1573 831 1629 cum,
848 1556 986 1637 profectus
1001 1560 1043 1612 cst
1096 1560 1147 1621 est,
1174 1553 1238 1625 quia
1258 1551 1320 1610 fidis
1335 1555 1395 1626 (91)
1408 1569 1498 1610 sermo
1521 1553 1631 1611 auditus
1646 1555 1695 1612 Dei
1710 1555 1826 1612 nuntius
1849 1565 1892 1613 εει

245 1649 274 1707 ιε
289 1647 487 1706 Macedoniam.
1096 1641 1192 1698 salutis
1211 1649 1328 1711 εειειεει,
1350 1649 1377 1700 ει
1391 1641 1542 1700 secundum
1559 1641 1639 1700 fldem
1656 1643 1768 1701 illorum
1782 1645 1890 1702 contin-

281 1739 374 1810 (Vers.
393 1737 450 1809 lh.)
473 1736 555 1796 «Deo
568 1743 658 1794 autem
673 1735 783 1812 gratias
802 1733 848 1810 qni
864 1749 970 1807 semper
984 1732 1040 1789 tri-
1056 1749 1081 1814 B
1098 1739 1140 1804 get
1165 1731 1214 1788 eis.
1230 1731 1293 1788 Sive
1316 1747 1380 1804 erqo
1403 1731 1433 1788 in
1447 1731 1491 1789 his
1509 1731 1556 1805 εει
1572 1739 1696 1806 εειεεει,
1721 1734 1777 1790 sive
1791 1733 1820 1790 ιε
1845 1733 1891 1792 his

244 1825 361 1898 umpbat
385 1840 433 1898 per
456 1840 506 1882 uos
529 1826 560 1882 in
582 1825 693 1884 Christo
707 1825 806 1881 iesu.»
827 1823 886 1882 Hoc
899 1830 940 1879 est
953 1825 1040 1880 Deum
1097 1819 1143 1892 qni
1157 1819 1226 1875 salvi
1241 1817 1322 1888 fiunt,
1344 1819 1447 1877 Christi
1466 1820 1555 1878 bonus
1578 1821 1647 1878 odor
1660 1823 1717 1878 Deo
1731 1830 1807 1879 ernist
1826 1839 1890 1896 apo·

244 1931 292 1989 per
314 1914 453 1988 apostolos
467 1913 640 1986 triumphare
654 1915 685 1970 in
699 1913 820 1982 Christo,
835 1913 953 1970 victores
977 1912 1041 1969 illos
1096 1909 1178 1965 stoli:
1206 1909 1271 1984 quia
1290 1908 1434 1966 sinceriter
1455 1917 1483 1966 et
1504 1908 1564 1966 sine
1590 1909 1748 1967 adulatione
1761 1912 1890 1983 pradica-

244 2004 334 2060 facere
361 2002 389 2058 in
404 2001 458 2059 fide
472 2003 592 2062 Christi:
609 2011 640 2060 ut
653 2005 756 2061 calcata
770 2001 895 2076 persidia,
909 2009 1042 2078 tropaeum
1096 1995 1171 2053 bant.
1197 1997 1249 2064 Qui
1273 1997 1346 2053 enim
1362 2015 1418 2054 non
1432 1997 1590 2067 credebant,
1609 1997 1662 2071 ipsi
1679 1999 1732 2056 sibi
1760 2000 1889 2074 laqueum

243 2089 344 2158 habeat
360 2088 437 2158 fides,
458 2090 524 2148 dum
540 2107 574 2146 ex
592 2089 703 2164 perfidis
717 2090 789 2147 frunt
803 2090 907 2159 fideles,
923 2097 950 2147 ει
960 2090 1041 2146 ιεειε-
1094 2085 1302 2144 circumdabant
1329 2085 1372 2143 bis
1394 2086 1497 2157 liberis,
1513 2087 1585 2144 sicut
1608 2087 1677 2144 dicit
1699 2087 1832 2144 Dominus
1855 2087 1889 2146 ad

237 2178 304 2250 voli
320 2194 375 2236 oen
387 2177 536 2250 proficiunt
551 2179 580 2235 in
596 2179 784 2252 prosequendo
799 2179 950 2256 credentes.
1096 2175 1268 2232 Ezechielem
1283 2176 1462 2249 prophetem:
1487 2177 1553 2235 «Tu
1567 2177 1685 2250 praedica
1701 2179 1743 2235 :si
1758 2188 1785 2235 te
1798 2179 1889 2236 andie-

281 2267 373 2342 (Vers,
391 2268 448 2341 te.)
470 2267 530 2324 «m
545 2265 656 2324 odorem
672 2267 778 2324 notitiae
796 2283 852 2324 suae
867 2265 1042 2324 manifestare
1095 2265 1163 2332 rint,
1181 2263 1330 2322 lucraberis
1344 2266 1449 2322 animas
1463 2281 1579 2334 eorum3
1596 2268 1639 2323 sia
1654 2283 1708 2340 quo
1724 2267 1826 2336 minus,
1836 2269 1889 2340 ipsi

244 2372 295 2431 per
309 2373 360 2414 nos
376 2356 495 2414 inomni
510 2356 570 2414 loco
579 2375 586 2426 ;
604 2355 668 2432 qnia
690 2355 793 2413 Christi
806 2357 894 2414 bonus
909 2355 977 2412 odor
993 2371 1042 2412 su·
1096 2353 1148 2410 sibi
1171 2353 1309 2410 viderint:
1334 2361 1366 2412 tu
1379 2362 1471 2412 tamen
1486 2356 1557 2412 liber
1570 2356 1624 2412 eris
1640 2356 1825 2428 aperditione
1837 2372 1890 2412 eo-

242 2461 304 2502 mns
327 2447 384 2502 Dee
406 2444 436 2504 in
461 2445 505 2500 his
529 2445 577 2517 qui
591 2444 661 2500 salvi
675 2444 756 2512 flunt,
770 2451 797 2500 et
811 2445 841 2500 in
854 2444 898 2502 bis
921 2444 967 2520 εει
989 2459 1042 2518 εε-
1095 2459 1156 2498 rum
1168 2444 1276 2516 (Erech
1293 2460 1335 2513 nt,
1352 2445 1409 2517 19).
1429 2468 1439 2494 ι

243 2544 359 2593 renat·
380 2532 456 2592 Odor
474 2533 580 2590 notitior
595 2534 645 2592 Dei
666 2534 694 2591 in
709 2533 830 2602 Christo,
845 2541 872 2590 ει
885 2548 933 2606 per
954 2531 1041 2592 Chri·
1132 2530 1222 2602 (Vers.
1240 2531 1297 2604 17.)
1319 2533 1378 2590 «Et
1392 2533 1425 2590 ad
1440 2531 1500 2590 nee
1512 2533 1574 2607 quis
1589 2534 1728 2593 idoneus?
1741 2535 1800 2593 Non
1813 2534 1888 2592 enim

246 2613 320 2681 stum
347 2630 400 2682 εει.
423 2621 541 2680 Odorem
565 2630 657 2682 autem
669 2622 773 2680 idcirco
788 2623 868 2691 dicit,
890 2621 955 2696 quia
970 2621 1042 2678 sicut
1095 2635 1189 2678 sarnus
1201 2621 1272 2678 sicut
1286 2621 1398 2693 plurimi
1413 2621 1595 2679 adulterantes
1611 2625 1724 2681 terbum
1751 2625 1819 2681 Dei:
1841 2623 1889 2680 sed

245 2712 369 2786 quaedam
387 2727 439 2780 ιεε,
455 2725 593 2786 quaecum
613 2728 669 2768 non
684 2712 840 2780 videantur,
856 2727 904 2786 per
928 2711 1040 2766 odorem
1095 2709 1309 2778 exsiccentur,
1336 2711 1407 2766 sicut
1429 2713 1533 2767 echo
1547 2727 1636 2766 coram
1661 2712 1761 2768 Deoin
1777 2712 1891 2771 Christe

245 2806 339 2856 tamen
349 2808 561 2872 cognoscuntur,
571 2808 599 2857 ct
613 2800 745 2874 intelligis
754 2801 784 2858 in
799 2802 860 2858 loco
870 2800 1039 2874 aliquoesse,
1096 2797 1246 2872 loquimur.
1261 2821 1270 2846 ι
1292 2797 1533 2870 Pseudoapcstolos
1548 2799 1636 2870 tangit
1659 2799 1705 2856 bic
1719 2816 1823 2868 ιειεεε,
1840 2801 1891 2874 εει

248 2889 322 2963 quod
345 2905 401 2946 non
422 2889 519 2948 vides:
540 2889 579 2946 ita
593 2899 619 2947 ει
633 2892 716 2960 Deus,
740 2891 805 2964 quie
819 2891 970 2948 invisibilis
988 2898 1042 2959 est,
1095 2898 1222 2962 corrupta
1237 2888 1371 2958 doctrina,
1388 2888 1469 2945 verba
1482 2887 1532 2945 Dei
1544 2904 1592 2960 per
1603 2889 1705 2945 malaue
1718 2891 1894 2962 interpreta-

247 2993 296 3051 εει
324 2977 466 3037 Christum
500 2993 528 3034 se
552 2979 642 3035 voluit
674 2979 804 3054 intelligi,
825 2986 856 3035 ut
883 2978 1041 3053 praedicatio
1095 2977 1198 3034 tionem
1215 2977 1414 3046 adulterabant,
1437 2987 1463 3033 ει
1476 2978 1602 3033 ιοιιεειεε
1617 2977 1742 3034 divinum
1763 2995 1891 3050 seersum,

246 3065 351 3124 Christi
378 3066 451 3140 (quae
478 3067 575 3140 utique
598 3067 786 3136 invisibiliter,
806 3068 878 3124 sicut
905 3067 939 3124 ad
962 3082 1040 3123 nares
1055 3105 1079 3168 c
1096 3065 1235 3136 ponebant
1252 3067 1415 3122 burrianum.
1431 3065 1473 3121 Ex
1491 3065 1591 3140 quibus
1605 3066 1716 3138 quidam
1730 3069 1817 3122 telum
1834 3069 1893 3126 ba-

244 3156 373 3226 odor,ita
391 3155 425 3214 ad
440 3173 519 3216 aures
533 3158 670 3232 pervenit)
686 3160 773 3216 Deum
788 3158 895 3214 Patrem
910 3158 1041 3214 insinna—
1095 3153 1190 3210 bentes
1216 3154 1373 3211 traditionis
1396 3153 1525 3222 iudaicae,
1553 3169 1604 3209 nec
1631 3155 1664 3210 de
1686 3155 1796 3212 Christo
1818 3156 1891 3212 bene

244 3252 285 3303 rei
312 3254 461 3303 creatorem
482 3248 553 3320 (89),
582 3256 609 3306 ει
635 3248 737 3304 Filium
764 3247 823 3320 ejus
854 3247 1040 3318 unigenitum.
1096 3239 1238 3310 docebant,
1255 3243 1316 3298 ideo
1332 3243 1423 3298 inicus
1445 3242 1557 3298 idoneos
1576 3242 1627 3298 hos
1641 3241 1725 3300 dicit:
1750 3247 1891 3316 apostolos

244 3333 330 3408 Cujus
351 3337 389 3392 rei
411 3336 545 3410 legatione
568 3336 712 3410 fungentes
733 3337 849 3410 apostoli
875 3334 958 3410 [sicut
973 3335 1042 3393 dicit
1095 3339 1185 3386 eutem
1210 3331 1353 3387 sinceriter
1381 3332 1552 3402 praedicasse,
1570 3333 1642 3389 sient
1663 3349 1698 3389 ex
1722 3335 1776 3389 Deo
1791 3334 1888 3391 datum

243 3423 379 3480 Dominus
401 3423 436 3480 ad
457 3427 555 3494 Deum,
566 3422 660 3484 Filius
677 3426 711 3482 ad
726 3427 855 3482 Patrem:
878 3425 981 3481 «Sicut
998 3439 1041 3480 me
1095 3427 1146 3488 est,
1171 3427 1235 3475 ante
1254 3421 1353 3488 Deam,
1370 3418 1398 3474 id
1411 3428 1461 3488 est,
1484 3423 1624 3494 quomodo
1636 3423 1708 3478 Deus
1722 3423 1809 3490 dedit,
1828 3425 1892 3495 ipso

242 3511 346 3568 misisti
369 3511 398 3567 in
423 3511 498 3570 hunc
520 3511 666 3580 mundum,
682 3513 721 3570 ita
740 3519 767 3568 ει
785 3527 835 3583 ego
850 3527 895 3568 eos
909 3512 989 3568 mitte
1011 3512 1040 3568 iu
1094 3516 1173 3576 teste,
1190 3511 1218 3565 in
1239 3509 1349 3566 Christo
1364 3509 1556 3582 loquebantur,
1574 3528 1629 3567 non
1644 3527 1721 3568 suern
1735 3521 1889 3583 querentes

242 3599 319 3655 bunc
332 3598 480 3673 mundum]
498 3599 588 3672 (fona.
605 3615 677 3670 xvir,
694 3601 751 3672 18),
765 3625 775 3649 ι
796 3601 908 3658 odorem
933 3601 1041 3662 natiue
1095 3600 1221 3673 gloriam,
1241 3599 1287 3656 scd
1302 3601 1362 3657 Dei.
1379 3601 1486 3658 Ηοεεει
1501 3602 1531 3657 ιε
1544 3601 1657 3660 Christo
1668 3603 1745 3678 loqui
1762 3603 1821 3676 ejas
1835 3604 1885 3661 ho·

242 3687 293 3745 Dei
309 3695 337 3745 ει
351 3686 456 3749 Christi
469 3703 518 3762 per
545 3689 623 3762 signa
636 3699 664 3747 ει
683 3689 809 3764 prodigia
822 3690 1038 3749 manifestarent.
1094 3705 1190 3747 norem
1208 3697 1235 3746 et
1248 3691 1398 3764 potentiam
1412 3691 1568 3763 predicere.

243 3777 315 3834 Vera
330 3776 389 3836 haec
407 3793 465 3836 εεεε
479 3777 513 3836 de
527 3780 625 3838 Decet
641 3779 752 3840 Christe
777 3780 935 3855 predicatio
946 3780 1041 3837 virtu-

237 3866 275 3924 tis
296 3865 455 3925 testimonio
480 3867 611 3942 probatur
626 3887 632 3926 :
649 3885 709 3944 εεε
724 3869 786 3927 ideo
804 3871 834 3926 in
848 3869 932 3927 odore
949 3867 1040 3942 signi-
1092 3886 1096 3895 ¹
1355 3840 1426 3900 ²⁷⁰
1444 3843 1557 3904 CAPUT
1579 3843 1627 3904 ffl-

239 3956 320 4016 ficata
334 3958 469 4032 estquis
483 3974 547 4016 cum
569 3961 642 4020 Deus
662 3975 718 4018 uon
743 3959 879 4028 videatur,
906 3959 1042 4032 perhanc
1130 3963 1274 4040 (uersi.)
1295 3963 1470 4036 ‹Incipimus
1491 3963 1591 4020 iterum
1617 3963 1886 4036 nemaetipsoseom·

243 4062 303 4118 quae
319 4047 498 4108 invisibiliter
512 4055 651 4122 operatur,
673 4049 704 4108 in
717 4049 850 4120 apostolis
864 4064 921 4104 csse
936 4047 1038 4102 intelli·
1093 4054 1231 4112 mertuum.
1249 4079 1259 4102 »
1279 4053 1414 4120 Quoniam
1434 4051 1675 4124 pseudoapostolos
1696 4059 1782 4118 notat,
1801 4067 1886 4123 prava

241 4135 499 4206 utaequivocus
522 4138 654 4200 dotrina
676 4137 876 4196 manifestetur.
900 4135 952 4204 Qui
974 4151 1038 4211 ergo
1092 4161 1187 4202 eorum
1202 4152 1355 4202 commenta
1378 4142 1522 4216 designans
1534 4141 1605 4213 (ει),
1620 4157 1650 4198 sc
1670 4149 1761 4198 auten
1785 4159 1882 4199 verum

239 4229 313 4278 recte
337 4226 433 4282 asserit
457 4227 609 4298 Christum,
634 4225 722 4284 bonus
737 4225 805 4282 odor
821 4232 861 4282 εει
876 4225 942 4294 Ιιεε,
958 4223 1038 4280 lande
1092 4233 1298 4306 praedicatorem
1312 4238 1441 4298 testatum
1458 4231 1568 4288 videtur
1582 4229 1681 4287 iterum
1692 4233 1886 4290 communiam

150 4311 151 4314 ¹
238 4311 340 4382 dignus
361 4313 391 4370 1¹²
413 4329 446 4368 ιθ
470 4315 517 4388 qui
537 4317 638 4386 fredit»
661 4332 711 4376 nec
730 4312 923 4387 vituperabilis
938 4312 966 4367 in
987 4313 1037 4370 ἰΠΟ
1091 4337 1130 4392 εε,
1150 4323 1221 4378 ειεει
1235 4321 1265 4377 ιε
1289 4321 1377 4394 primo
1391 4320 1514 4394 epistola.
1530 4319 1565 4374 Et
1579 4334 1614 4374 ne
1630 4319 1684 4376 boc
1702 4321 1883 4377 versutiaali-

240 4397 365 4470 quinon
392 4397 498 4456 credit:
521 4402 569 4474 qui
583 4418 648 4458 vero
671 4419 729 4462 non
743 4409 815 4458 recte
830 4401 926 4458 asserit
951 4400 1036 4458 Chri·
1090 4428 1144 4486 qua
1167 4411 1302 4470 pereffluis
1323 4411 1393 4468 puori
1421 4409 1614 4482 praeturaeque
1642 4408 1791 4477 uideretur,
1810 4409 1885 4482 adju.

238 4493 324 4556 stum,
339 4488 427 4546 malus
441 4487 510 4544 0d⁰f
523 4496 567 4546 θιῑ
579 4491 645 4560 900,
662 4499 718 4548 mm
731 4493 760 4548 1¹¹
774 4492 818 4548 hil
833 4492 880 4566 qui
894 4491 942 4548 fidi
959 4498 1034 4562 suut,
1049 4463 1073 4524 D
1089 4503 1146 4560 cit:
1166 4525 1176 4550 ι
1191 4499 1331 4574 Numquid
1346 4498 1511 4568 indigemus,
1522 4497 1594 4553 sicut
1610 4497 1731 4570 quidam,
1744 4514 1885 4554 commen-

239 4591 322 4649 mam
349 4577 379 4636 in
406 4577 463 4636 illis
489 4577 537 4654 (lui
562 4577 708 4647 diffidusslt
738 4597 788 4655 ιιι)
812 4580 935 4658 uirisque
960 4581 1034 4637 essim
1088 4591 1194 4648 datitiis
1208 4589 1332 4662 epistolis
1346 4585 1381 4642 ad
1395 4601 1454 4653 vos,
1465 4593 1513 4641 aut
1525 4599 1561 4641 ex
1575 4585 1689 4642 vohisf·
1705 4587 1761 4642 Hoc
1775 4585 1885 4656 dicens,

238 4680 303 4722 reus
326 4667 387 4726 erit.
413 4667 467 4738 nui
494 4669 569 4730 enim
592 4669 704 4743 diffidit,
720 4671 823 4730 idcirco
843 4671 952 4730 videtur
977 4685 1032 4730 neu
1088 4695 1168 4735 suum
1184 4691 1293 4734 sensum
1310 4679 1417 4746 purgat,
1432 4680 1459 4732 et
1473 4672 1563 4731 adhuc
1579 4662 1819 4748 pseudoapostolos
1834 4691 1887 4731 nc·

202 4809 207 4816 .
234 4755 364 4824 credere;
386 4758 451 4834 quia
477 4775 634 4831 perversum
655 4771 706 4828 est,
733 4763 806 4835 quod
822 4763 900 4820 audit
916 4781 923 4818 z
939 4769 965 4817 ει
985 4760 1032 4834 εει
1086 4773 1136 4836 tae,
1155 4781 1223 4840 quos
1238 4763 1341 4837 proprii
1366 4761 1479 4818 honoris
1493 4771 1520 4820 et
1534 4771 1653 4836 questus
1667 4780 1750 4821 causa
1763 4763 1890 4822 circuire

235 4844 333 4913 credit,
359 4849 430 4906 male
457 4848 553 4909 credit.
569 4851 720 4924 Apostolus
733 4867 796 4924 ergo
809 4851 944 4907 rationem
959 4848 1027 4919 lepis
1086 4854 1224 4911 Ecclesiae
1247 4851 1355 4924 probat,
1370 4851 1403 4910 ad
1418 4851 1603 4922 auferendam,
1625 4869 1680 4910 non
1701 4853 1736 4910 ad
1748 4852 1891 4910 tribuen-

234 4938 344 4994 locutus
364 4947 415 5008 εει,
430 4947 461 4996 ει
485 4938 555 5000 sicat
573 4944 602 5000 in
617 4945 676 5018 lene
700 4945 748 5017 qui
762 4943 866 5000 hostias
880 4943 952 5000 borio
966 4950 1031 5004 voto
1087 4945 1149 5002 dam
1164 4944 1291 5002 salntem.
1310 4943 1353 5000 Ex
1369 4941 1413 4998 his
1425 4950 1503 4999 erant
1521 4943 1620 5021 quihus
1642 4943 1711 5001 dicit
1723 4945 1885 5004 Dominus:

235 5025 376 5096 offerebat,
398 5025 487 5085 bonus
506 5030 574 5089 odor
599 5038 658 5088 ειει
671 5033 727 5090 Deo
743 5040 769 5088 et
783 5031 974 5106 acceptabilis:
993 5031 1031 5090 ita
1072 5031 1268 5090 ⁸‹Comeditis
1288 5029 1385 5088 domos
1406 5029 1552 5088 viduarum
1571 5041 1599 5088 et
1620 5032 1789 5104 pupillorum
1810 5047 1889 5087 ora-

229 5123 262 5174 et
276 5132 350 5174 nunc
364 5116 567 5189 praedicationis
580 5121 670 5178 virtus
688 5121 821 5179 doctrina
838 5121 948 5178 odorem
963 5137 1030 5194 pra·
1084 5121 1159 5178 tione
1178 5121 1259 5192 longa
1273 5126 1392 5188 orantes,
1407 5129 1550 5193 propterea
1574 5119 1714 5192 accipietis
1733 5121 1823 5194 majus
1833 5119 1890 5193 ju-

284 5390 319 5446 89
347 5391 408 5448 Vct.
429 5389 609 5448 edinctaod.
625 5390 1025 5458 Corh,insinnaretnuctnrc.
1083 5409 1185 5448 serm:
1215 5390 1315 5466 reliqui
1342 5407 1406 5450 mss
1433 5397 1461 5446 ει
1483 5388 1548 5446 edit.
1576 5391 1685 5458 melius,
1711 5393 1775 5464 qnia
1819 5391 1887 5461 des,

283 5460 329 5532 90)
347 5461 439 5519 Codes
452 5461 550 5531 Laud,
568 5469 635 5518 totas
647 5464 792 5536 prestabat
806 5464 878 5520 Dens
890 5464 1028 5535 apostolis,
1082 5471 1134 5521 etc.

232 5533 429 5600 marrenses.
593 5539 596 5546 '
1118 5534 1176 5608 (92)
1193 5533 1273 5592 Corb.
1302 5533 1377 5606 cod,
1399 5533 1490 5592 Proca
1511 5549 1601 5590 omnm
1623 5533 1763 5606 ειεεάειε,
1777 5531 1892 5608 puteus

270 5598 329 5670 (91)
345 5602 419 5662 Edit
447 5607 570 5681 quedam
597 5605 682 5665 Paris.
705 5623 768 5668 oum
791 5623 846 5665 nno
865 5613 912 5666 aut
937 5607 1024 5665 altere
1076 5607 1308 5678 pseudoapostotoa
1323 5609 1406 5675 εοιει,
1423 5605 1574 5678 destrones.

269 5318 319 5529 {88
342 5319 406 5376 bles.
421 5318 561 5389 nonnulli,
574 5325 659 5378 ιειιεε
673 5320 852 5392 imprudentia
869 5319 1027 5391 infidelium.
1083 5336 1160 5388 mss,
1179 5317 1243 5391 quia
1270 5319 1353 5390 fidelis
1377 5335 1480 5385 semum·
1498 5333 1562 5374 nass.
1578 5319 1717 5387 nonnulii,
1733 5317 1891 5462 qnicAldes
