4038 6168
249 350 318 410 toas
763 345 812 401 ΑΙ)
831 341 950 402 OPERA
968 341 997 400 S.
1016 339 1183 401 lubnosn
1202 339 1392 400 APPENDIX.
1835 343 1913 402 teat

246 482 294 534 cut
316 474 461 534 Psalmiste
483 472 588 532 iudicat
605 472 699 531 dicens
721 487 727 528 :
751 495 761 520 ι
783 470 839 544 lpsi
853 468 994 544 peribunt,
1012 475 1044 525 tu
1058 472 1084 533 Α
1100 467 1183 526 ocutis
1196 483 1297 526 eorum.
1311 465 1421 526 Animas
1431 467 1558 526 omnium
1572 467 1719 526 bominum
1735 469 1914 527 immortales

246 574 338 624 autam
359 563 554 639 permanebis:
584 568 612 620 et
626 576 721 618 omues
742 568 773 618 ut
787 559 983 618 vestimentum
1001 574 1046 615 ve·
1100 566 1197 618 create
1216 566 1291 628 suut,
1320 558 1395 617 sicut
1418 559 1556 618 Dominus
1581 559 1651 620 dicit
1677 560 1707 618 in
1733 558 1910 634 Evangelio:

244 662 398 722 ιιιιιιιιιι;
416 661 443 712 ιι
456 653 533 711 velut
557 651 690 710 amictum
705 649 826 708 mutabis
842 667 899 721 eos,
917 656 944 708 ιι
958 655 1046 708 muta·
1106 648 1224 706 «Nolite
1235 648 1334 706 timere
1358 649 1474 723 eosqui
1498 649 1629 709 occidunt
1652 665 1761 723 corpus,
1780 648 1909 706 animam

244 746 349 802 buntur
364 744 452 817 (Paul.
463 761 500 812 ιι,
516 743 574 816 2⁷).
590 767 600 792 ι
617 741 697 810 Quod
711 741 798 799 dicit:
812 743 937 799 Primum
950 744 1045 798 colum
1100 749 1191 800 autem
1205 759 1261 799 non
1272 749 1388 814 possunt
1402 741 1527 800 occidere
1545 743 1652 816 (blattis.
1663 757 1693 810 x,
1707 740 1787 813 tel.»
1803 740 1911 810 Quam·

244 841 270 893 et
283 835 375 908 primo
391 841 463 891 terro
476 835 553 903 obiit,
567 833 687 906 speciem
701 833 823 906 ejusdem
838 833 901 890 coeli
915 849 947 892 ec
963 842 1044 891 terre
1100 831 1230 890 visenim
1245 831 1402 889 moriantur
1427 839 1550 905 peccato,
1579 839 1628 888 aut
1658 846 1691 887 ea
1713 837 1803 887 morte
1819 847 1909 904 quam

242 924 422 982 transituram
448 939 506 980 esse
520 922 709 991 demonstrat;
727 922 831 997 species
845 923 920 981 enim
936 939 1043 993 eorum,
1100 921 1218 997 primam
1233 929 1260 979 et
1274 919 1425 979 secundam
1440 922 1585 990 diximus:
1602 927 1697 978 tamen
1715 935 1772 976 non
1790 919 1831 976 ita
1844 937 1906 977 mo-

243 1031 300 1072 nou
328 1013 446 1072 essentia
467 1012 608 1083 transibit,
631 1029 695 1071 cum
721 1012 751 1069 in
774 1013 917 1070 meliorem
939 1021 1044 1070 statum
1100 1013 1222 1080 ιιιιιιιιιι,
1240 1019 1272 1068 ut
1287 1012 1398 1084 penitus
1412 1026 1469 1068 non
1483 1012 1558 1068 siut:
1576 1010 1622 1068 sed
1640 1026 1735 1067 earum
1749 1011 1823 1067 male
1847 1027 1908 1069 esse

243 1103 495 1162 commutabuntur.
522 1102 602 1172 Quod
625 1119 691 1160 vero
706 1102 812 1160 inient:
835 1105 873 1160 Et
894 1102 1042 1175 morejom
1100 1119 1175 1159 mors
1192 1109 1318 1159 vocatur.
1344 1104 1405 1159 Duc
1419 1117 1528 1176 quoque
1546 1108 1672 1173 tempora
1699 1099 1735 1156 iis
1756 1101 1908 1158 coustituit

244 1211 297 1251 oon
311 1200 358 1264 est,
372 1210 519 1268 possumus
532 1193 684 1251 secundum
696 1194 816 1251 litteram
833 1193 998 1267 intelligere,
1013 1201 1045 1252 ut
1100 1197 1190 1252 Deus:
1208 1193 1352 1266 presentis
1366 1195 1442 1263 vitae,
1459 1191 1533 1267 quod
1550 1191 1606 1250 cito
1623 1190 1731 1260 linitur,
1747 1197 1775 1246 et
1790 1191 1905 1260 future,

246 1303 321 1344 mare
334 1287 445 1360 penitus
457 1286 591 1345 deleatur.
608 1287 698 1343 Aliter
714 1302 720 1341 :
736 1303 810 1343 mare
822 1285 880 1359 jam
894 1303 951 1343 non
967 1287 1041 1360 erit;
1101 1284 1175 1360 quod
1188 1283 1267 1340 liniri
1281 1299 1337 1341 uon
1353 1290 1459 1356 potest;
1474 1296 1616 1355 unumque
1639 1279 1717 1336 fletui
1736 1287 1764 1336 et
1778 1280 1905 1350 moerori,

245 1377 310 1452 quia
332 1377 471 1451 propriam
499 1377 615 1450 figuram
641 1377 761 1446 amittet,
793 1378 865 1435 sicut
889 1378 990 1434 coelum
1020 1384 1046 1435 et
1101 1375 1217 1432 alterum
1233 1373 1333 1448 gaudio
1347 1381 1429 1446 atque
1443 1372 1546 1430 letitie
1561 1370 1714 1444 deputavit.
1731 1374 1806 1434 575
1817 1371 1906 1428 Verbi

244 1475 327 1537 terra,
337 1476 368 1525 ut
378 1467 407 1524 in
416 1467 603 1544 pulchriorem
616 1467 733 1524 formam
743 1466 954 1540 reparetur.Sed
966 1467 1046 1540 spiri·
1102 1469 1198 1545 qratia,
1214 1469 1237 1528 si
1251 1470 1313 1543 quis
1324 1469 1408 1526 vellet
1422 1470 1452 1527 in
1466 1468 1519 1526 boc
1537 1476 1671 1541 tempore,
1685 1466 1759 1541 quod
1773 1465 1905 1524 brevissi·

245 1559 337 1618 taliter
347 1559 401 1617 hoc
410 1558 619 1634 intelligendum
630 1566 696 1633 puto
708 1577 715 1630 ;
727 1556 863 1634 quidquid
873 1557 946 1614 enim
960 1557 994 1614 de
1005 1558 1046 1615 iu·
1101 1577 1177 1618 mum
1193 1567 1245 1630 est,
1260 1575 1310 1632 pro
1327 1559 1446 1632 peccatis
1464 1558 1522 1616 suis
1540 1557 1607 1615 llere
1625 1566 1652 1614 ct
1671 1556 1774 1630 lugere,
1791 1563 1822 1612 et
1834 1554 1905 1612 affli-

245 1649 394 1708 novatione
410 1649 473 1708 coeli
488 1658 516 1708 et
536 1658 616 1707 terre
631 1649 738 1707 dictum
753 1655 804 1717 est,
821 1657 848 1706 et
861 1648 1045 1708 historialiter
1102 1649 1190 1724 gendo
1216 1648 1392 1723 semetipsum
1419 1647 1542 1707 carnalia
1555 1645 1691 1705 desideria
1714 1645 1902 1719 exstinguere,

244 1740 456 1813 intelligendum
466 1747 517 1809 est,
532 1739 604 1797 sicut
614 1739 740 1812 superius
749 1739 884 1809 diximus,
894 1748 921 1797 et
935 1741 1046 1814 spirita·
1102 1747 1132 1804 iu
1146 1746 1202 1804 alio
1217 1753 1338 1820 tempore
1355 1744 1430 1818 quod
1448 1743 1523 1801 istud
1539 1741 1674 1818 sequitur,
1694 1740 1823 1816 qnodque
1838 1741 1903 1798 infi-

245 1831 317 1888 liter.
325 1830 472 1886 Possumus
482 1829 573 1903 itaque
587 1843 636 1902 per
645 1829 863 1888 oselumanimas
872 1838 1042 1906 sanctorum,
1060 1841 1083 1903 B
1098 1838 1189 1895 nilum
1205 1846 1262 1909 est,
1287 1834 1417 1909 gauderet
1434 1841 1462 1890 et
1482 1834 1633 1890 exsultaret
1651 1831 1680 1890 in
1704 1839 1856 1896 eternum:
1878 1830 1903 1888 si

133 1909 141 1922 ’
244 1934 293 1992 per
306 1925 406 1974 terram
428 1933 544 1990 corpora
554 1918 719 1992 intelligere.
735 1919 840 1977 Coelum
863 1935 967 1978 novum
982 1921 1041 1992 fiet,
1097 1926 1161 2002 quis
1176 1933 1268 1983 autem
1283 1924 1335 1981 hoc
1361 1923 1483 1996 elegerit,
1509 1929 1541 1980 ut
1566 1921 1596 1978 in
1621 1922 1749 1995 presenti
1776 1929 1902 1993 tempore

244 2023 307 2064 oum
326 2005 425 2063 anime
443 2015 600 2064 sanctorum
621 2023 669 2080 per
690 2009 875 2082 receptionem
894 2027 1041 2084 corporum
1098 2015 1223 2090 gaudeat,
1234 2021 1262 2071 et
1276 2012 1413 2070 desideria
1426 2011 1519 2070 carnis
1532 2027 1588 2068 sue
1602 2009 1736 2084 perficiat,
1757 2010 1787 2068 in
1802 2011 1900 2066 tuturo

243 2094 272 2152 iu
296 2095 418 2154 bominis
440 2105 566 2154 naturam
580 2097 770 2156 restituentur.
794 2099 879 2158 Terra
891 2117 964 2158 nova
979 2101 1043 2159 eiii-
1097 2106 1212 2180 lugebit,
1227 2113 1255 2162 ιι
1269 2103 1426 2161 tristabitur
1438 2103 1469 2160 iu
1482 2101 1690 2175 sempiternum.
1711 2103 1752 2158 De
1773 2101 1810 2159 iis
1822 2100 1899 2159 due-

242 2185 341 2258 cietnr,
368 2203 431 2245 cum
458 2203 573 2260 corpora
599 2195 758 2245 sanctorum
785 2207 846 2265 quae
862 2198 944 2248 antea
962 2202 1042 2251 erant
1096 2195 1148 2252 bus
1162 2194 1333 2268 temporibus
1347 2191 1457 2250 videtur
1484 2191 1555 2249 mibi
1581 2191 1757 2248 Salomonem
1773 2190 1896 2249 dixisse:

242 2275 371 2333 mortalia
384 2284 465 2351 atque
490 2276 694 2351 corruptibilia,
719 2279 889 2337 immortalia
909 2287 936 2336 et
952 2280 1041 2339 incor·
1104 2309 1113 2333 ι
1131 2285 1251 2356 Tempus
1265 2282 1362 2352 ilendi,
1377 2289 1405 2339 ιι
1415 2289 1525 2355 tempus
1539 2278 1648 2338 ridendi
1662 2281 1761 2354 (Erote.
1776 2297 1821 2349 ιιι,
1832 2281 1893 2353 ιιι

242 2367 386 2441 reptibilia
411 2369 571 2428 reddentur.
598 2370 673 2444 Seps
694 2387 761 2428 vero
786 2389 835 2446 per
862 2389 937 2431 mare
960 2375 1041 2449 impii
1095 2372 1214 2447 Tempus
1224 2370 1312 2429 ilendi
1321 2372 1472 2430 electorum
1488 2387 1562 2428 nunc
1588 2377 1647 2428 est:
1663 2377 1773 2443 tempus
1788 2369 1898 2426 ridendi

144 2492 152 2505 -
243 2456 432 2532 designantur,
461 2459 569 2518 dicente
584 2460 653 2518 lsaia
668 2461 815 2535 propheta:
852 2464 959 2538 «impii
974 2481 1040 2540 qua·
1094 2461 1237 2531 tnncerit,
1257 2461 1369 2536 quando
1384 2459 1455 2517 illud
1475 2457 1648 2534 implebitur,
1673 2455 1748 2533 quod
1762 2459 1899 2517 Dominus

243 2549 267 2607 si
282 2566 357 2606 mare
375 2550 494 2621 larveus,
510 2550 583 2626 quod
609 2551 749 2626 quiescere
772 2568 828 2609 nou
842 2563 944 2627 potest,
958 2565 985 2614 et
1000 2574 1040 2615 re·
1095 2551 1164 2610 dicit
1183 2550 1212 2608 in
1227 2551 1397 2624 Evangelio:
1427 2576 1436 2600 ι
1449 2549 1527 2608 Βιιιι
1542 2550 1591 2625 qui
1606 2551 1701 2624 lugent
1716 2565 1804 2619 nuuc,
1825 2566 1900 2624 (1¹¹⁰-

243 2638 369 2697 dundant
394 2639 493 2698 fluctus
514 2639 573 2714 ejus
598 2640 626 2698 in
649 2642 885 2701 conculcationem
910 2653 937 2702 et
949 2646 1040 2704 loturo
1095 2643 1172 2699 niam
1184 2639 1238 2713 ipsi
1251 2640 1470 2698 consolabuntur
1482 2642 1589 2714 (dietih.
1610 2658 1638 2710 ι,
1653 2641 1694 2713 5).
1713 2663 1723 2689 ·
1743 2640 1899 2698 Peccatori·

244 2728 311 2802 (iso.
336 2747 404 2798 nvn,
429 2730 487 2804 20).
511 2754 520 2778 ι
549 2731 622 2788 blare
637 2729 722 2804 igitur
741 2731 800 2804 jem
814 2749 870 2790 non
883 2734 936 2791 erit
951 2754 959 2805 ;
976 2737 1040 2810 quia
1093 2731 1145 2788 bus
1159 2746 1225 2787 vero
1241 2729 1330 2787 dicit:
1351 2730 1425 2789 «Va
1440 2729 1520 2787 vobis
1534 2731 1582 2804 qui
1609 2728 1705 2787 ridetis
1724 2745 1813 2798 nunc,
1833 2729 1898 2804 quia

243 2818 334 2877 omnis
355 2819 505 2879 multitudo
528 2821 678 2895 impiorum
692 2839 755 2880 cum
778 2822 969 2897 deceptoribus
982 2826 1040 2884 suis
1094 2819 1240 2894 plorabitis
1255 2827 1281 2876 et
1296 2818 1400 2877 flebitis
1414 2820 1491 2894 (Luc.
1507 2819 1623 2893 v1,²5)t
1640 2842 1649 2868 ι
1670 2818 1819 2892 Absterget
1833 2835 1896 2892 ergo

241 2907 414 2968 demonibus
429 2910 458 2967 in
472 2910 612 2967 infernum
626 2909 746 2980 detrusa,
762 2921 923 2986 praesentem
940 2916 1038 2974 mundi
1094 2919 1167 2974 Deus
1181 2931 1292 2973 omnem
1314 2914 1466 2988 lacrymam
1485 2913 1519 2972 ab
1532 2913 1622 2972 oculis
1636 2919 1814 2980 sanctorum
1832 2911 1897 2984 quia

240 2998 340 3057 faciem
363 3015 449 3058 asua
469 3000 613 3074 inquinata
637 2999 809 3060 habitatione
824 3004 955 3063 mundam
971 3023 1038 3080 prae·
1093 3018 1156 3086 post
1182 3010 1411 3068 resurrectionem
1441 3008 1513 3067 nihil
1540 3008 1619 3066 triste
1638 3008 1741 3066 sanctis
1770 3006 1895 3066 accidere

241 3087 364 3144 stabunt.
1094 3100 1204 3176 poterit,
1222 3100 1295 3158 unde
1310 3099 1440 3174 lacryma
1453 3099 1521 3156 oriri
1536 3098 1652 3172 possint.

278 3176 369 3249 (Vere
394 3177 435 3251 ἰ)
461 3179 499 3236 Εἴ
520 3177 648 3236 uernum
673 3185 790 3236 oneum
813 3180 960 3240 ltmaltm
982 3184 1078 3269 vidic
1130 3195 1168 3250 Et
1177 3208 1249 3248 mors
1263 3193 1338 3248 ultro
1351 3207 1405 3246 nou
1426 3188 1486 3246 erit.
1502 3187 1612 3245 Primus
1631 3186 1715 3244 homo
1728 3185 1894 3243 immortalis

241 3267 431 3324 (lemtim
448 3269 480 3325 dt
498 3269 594 3326 toel⁰⁰
616 3268 681 3340 ⁰0⁰,
694 3277 820 3342 paruum
834 3272 901 3328 Sitti
915 3289 1038 3344 thomam
1095 3283 1184 3340 factus
1213 3287 1274 3338 est:
1307 3278 1445 3353 peccando
1481 3287 1573 3336 autem
1601 3284 1628 3335 et
1655 3275 1893 3334 immortalitatem

240 3364 363 3414 ornatum
377 3359 436 3416 viro
451 3375 509 3416 suo.
529 3359 635 3419 Civitas
648 3360 798 3419 Jerusalem
812 3361 936 3420 Ecclesia
949 3372 991 3421 ιιι
1004 3380 1039 3421 ex
1094 3370 1198 3441 amisit,
1216 3379 1244 3428 ιι
1272 3377 1391 3427 mortem
1419 3369 1525 3427 mundo
1547 3367 1655 3427 intulit.
1686 3367 1752 3424 Post
1774 3381 1894 3423 umorue·

240 3447 368 3536 ⁰fflffl'bui
396 3447 479 3522 initii
502 3457 683 3508 ⁰⁰¹¹Siiu⁰²³2
709 3451 743 3510 (10
765 3452 835 3510 0oe10
859 3451 1005 3510 descendet
1030 3471 1036 3521 3
1093 3461 1214 3520 ctionem
1229 3467 1321 3516 autem
1337 3475 1412 3515 mors
1429 3474 1487 3515 non
1500 3457 1567 3527 erit;
1582 3457 1648 3532 quia
1657 3463 1684 3514 et
1698 3455 1758 3529 ipse
1765 3455 1893 3530 princeps

240 3536 434 3609 quiaDomino
448 3539 631 3612 adjudicium
645 3541 783 3611 veniente,
798 3558 861 3600 cum
882 3543 932 3599 illo
947 3543 1039 3600 omnis
1093 3550 1191 3608 morsis
1210 3547 1339 3606 diabolus
1358 3563 1422 3606 cum
1443 3545 1574 3604 omnibus
1596 3545 1764 3604 satellitibus
1789 3545 1892 3602 suisiu

240 3623 390 3682 mullitudo
413 3635 571 3684 sanctorum
590 3620 692 3698 veniet,¹
711 3629 782 3686 sicut
796 3629 865 3687 dicit
879 3631 962 3688 lsaias
977 3647 1037 3704 pro·
1092 3637 1233 3696 internum
1249 3645 1381 3712 perpetuo
1404 3637 1528 3696 reclusus
1544 3635 1694 3704 tenebitur,
1710 3641 1739 3690 et
1754 3633 1892 3690 immorta-

240 3711 343 3784 pbete:
365 3714 565 3772 ‹Dominusad
576 3715 714 3789 judicium
728 3719 821 3774 reniet
835 3735 899 3777 cum
913 3720 1038 3779 sensibus
1092 3728 1154 3786 litas
1169 3743 1251 3801 qnam
1273 3726 1380 3800 primus
1407 3726 1491 3783 bomo
1513 3723 1652 3800 peccando
1677 3723 1782 3792 amisit,
1812 3723 1892 3796 justis

240 3801 335 3875 populi
361 3802 415 3873 sui,
435 3811 462 3861 et
479 3805 650 3879 principibus
672 3805 731 3880 ejus
747 3806 814 3879 (isa.
840 3825 882 3880 ιιι,
900 3809 979 3882 14).»
1003 3811 1038 3868 Et
1094 3816 1239 3875 reddetur:
1264 3825 1292 3875 et
1319 3815 1489 3891 possibilitas
1517 3815 1659 3890 peccandi,
1685 3831 1747 3888 que
1774 3821 1892 3872 mortem

239 3891 458 3965 sapientissimus
469 3894 598 3953 Salomon
613 3898 642 3955 in
656 3897 835 3958 Proverbiis:
858 3900 993 3958 «Nobilis
1007 3900 1036 3958 in
1091 3904 1196 3964 mundo
1222 3905 1330 3977 intulit,
1357 3903 1391 3964 ab
1429 3905 1468 3963 eis
1494 3905 1644 3964 auferetur.
1677 3905 1768 3976 Neque
1799 3905 1890 3960 ιιιιιιιι,

239 3982 326 4055 portis
348 3983 393 4040 ιιι·
415 3982 484 4057 ejus,
511 3987 621 4060 quando
644 3987 745 4047 sederit
769 4006 833 4047 cum
861 3991 1036 4050 senatoribus
1091 3995 1160 4056 Cum
1175 3995 1301 4068 superius
1327 3995 1402 4054 dicat
1424 3995 1498 4070 quod
1527 3995 1662 4066 absterget
1686 3995 1762 4050 Deus
1782 4009 1890 4051 omnem

239 4080 318 4130 terrae
340 4070 634 4152 (Proo.xxx1,23).»
654 4079 719 4147 Quae
735 4079 807 4137 sicut
829 4097 930 4154 sponsa
943 4089 1036 4154 parata
1090 4087 1242 4160 lacrymam
1266 4085 1301 4143 ab
1320 4085 1410 4144 oculis
1429 4094 1599 4154 sanctorum,
1623 4082 1691 4158 quid
1712 4099 1829 4140 uecesae
1841 4083 1892 4139 init

238 4170 265 4219 et
284 4171 381 4222 ornata
401 4180 459 4223 esse
482 4165 604 4236 dicitur;
621 4169 687 4242 quia
709 4169 781 4226 sicut
801 4186 901 4243 sponsa
916 4169 1036 4228 diversis
1090 4179 1121 4235 in
1134 4178 1189 4236 boc
1209 4177 1270 4236 loco
1284 4177 1391 4236 luctum
1411 4177 1534 4252 ponere?
1554 4173 1609 4233 Sed
1630 4175 1703 4231 inter
1726 4174 1891 4232 effusionem

237 4253 389 4312 monilibus
415 4263 442 4313 et
467 4257 636 4315 ornamentis
661 4259 835 4330 semetipsam
864 4268 989 4328 exornat,
1004 4268 1035 4317 ιιι
1090 4269 1275 4342 laerymarum
1303 4275 1331 4325 et
1348 4268 1455 4327 luctum
1479 4266 1572 4340 aliqua
1597 4263 1733 4321 distantia
1747 4271 1812 4332 est3
1830 4279 1890 4320 nam

238 4359 338 4417 sponso
361 4359 412 4402 suo
426 4347 532 4419 placeat
548 4365 554 4404 :
577 4347 616 4404 ita
631 4355 659 4405 et
671 4347 795 4407 Ecclesia
816 4348 933 4407 diversis
947 4348 1035 4408 virtu·
1088 4357 1204 4415 tristitia
1216 4373 1287 4430 sepe
1303 4357 1439 4431 lacrymas
1454 4353 1557 4425 educit,
1581 4369 1651 4427 saepe
1666 4351 1812 4425 gaudium,
1823 4368 1890 4425 sepe

237 4430 312 4490 tibus
333 4433 488 4506 decoratur,
515 4444 547 4494 ut
573 4435 695 4496 Creatori
718 4455 779 4508 suo,
796 4437 843 4512 qui
857 4445 899 4496 ιιι
918 4456 1035 4514 sponsus
1089 4444 1270 4516 desiderium,
1286 4462 1357 4519 saepe
1376 4445 1473 4503 letitia
1495 4445 1554 4517 (78)
1568 4461 1575 4512 ;
1590 4441 1682 4498 luctus
1703 4456 1771 4497 vero
1784 4457 1889 4516 semper

238 4519 308 4593 ejus,
324 4523 430 4595 placere
445 4529 545 4585 valeat.
1048 4553 1124 4635 Den
1152 4551 1254 4610 magno,
1274 4551 1391 4592 moerore
1418 4533 1555 4600 nascitur;
1585 4529 1676 4588 luctus
1703 4544 1827 4602 namque
1850 4537 1888 4585 est

274 4621 365 4694 (Vere.
381 4622 422 4696 3.)
440 4627 475 4682 Et
494 4627 682 4685 audivivocem
698 4645 821 4701 mopuom
835 4627 867 4685 de
879 4631 972 4687 throno
987 4631 1035 4687 di·
1088 4626 1170 4685 lletus
1183 4626 1294 4684 dierum
1304 4623 1593 4696 multorumbuqebat
1609 4620 1711 4678 Paulus
1720 4620 1822 4694 eosqui
1830 4633 1885 4692 pec·

236 4718 355 4769 cenem:
380 4715 448 4774 Ecce
468 4715 664 4776 tubernaculum
688 4718 739 4775 liei
752 4734 811 4775 cum
833 4715 992 4788 bominibus,
1010 4723 1035 4774 et
1088 4725 1231 4787 caverunt,
1246 4723 1273 4772 et
1287 4721 1468 4789 denegarunt
1482 4709 1682 4787 poenitentium.
1699 4709 1736 4766 Et
1755 4709 1884 4765 Salomon

237 4801 365 4860 habitabit
387 4820 445 4860 cum
459 4806 515 4876 eis;
531 4807 619 4880 clipei
631 4810 747 4881 populus
769 4808 826 4880 ιςιιιι
840 4815 927 4878 emeat,
942 4807 1034 4881 etipse
1088 4807 1212 4882 loquitur
1225 4805 1335 4864 dicens:
1360 4831 1369 4854 ι
1388 4804 1492 4862 Luctus
1516 4800 1618 4859 mortui
1646 4809 1750 4874 septem
1777 4799 1883 4864 diebus,

237 4891 366 4964 bombus
389 4909 448 4950 eum
461 4894 497 4951 eis
519 4897 570 4954 erit
592 4915 683 4955 eorum
704 4899 787 4956 Deus.
803 4897 911 4957 Scirum
933 4916 982 4973 per
995 4899 1033 4958 ci·
1088 4897 1179 4955 luctus
1189 4905 1279 4954 autem
1295 4895 1364 4954 latui
1378 4893 1508 4952 omnibns
1522 4889 1620 4949 diebus
1634 4889 1699 4946 vitae
1713 4889 1773 4963 ejus
1790 4886 1883 4960 (Eucti.

236 4985 351 5042 vitatem
372 4986 522 5046 Jerusalem
537 4996 564 5046 et
577 4990 785 5050 tabernaculum
804 4991 917 5049 Domini
932 4991 1033 5050 Eccle-
1086 5003 1160 5056 xxu,
1175 4986 1233 5060 13).
1250 5013 1260 5038 »
1289 4984 1413 5044 Ecclesia
1439 4999 1514 5040 nunc
1541 4982 1570 5038 in
1588 4980 1665 5038 luctu
1689 4986 1741 5048 est,
1766 4993 1800 5034 eo
1814 4974 1884 5052 quod

236 5072 306 5132 siam
330 5091 400 5149 saepe
423 5092 480 5134 esse
502 5077 681 5153 designatam.
707 5080 811 5139 Civitas
832 5097 896 5154 ergo
921 5079 952 5137 in
980 5079 1033 5139 hoc
1087 5075 1154 5150 perd
1168 5076 1323 5149 eceptiooes
1338 5074 1495 5132 demonum
1510 5067 1633 5144 quotidie
1653 5065 1804 5124 maximam
1828 5080 1882 5139 par·

207 5195 212 5200 ·
236 5162 297 5224 loco
311 5173 339 5223 et
352 5166 561 5226 tabernaculum
576 5169 700 5228 Ecclesia
713 5178 828 5228 vocator
843 5188 851 5240 ;
869 5187 902 5228 eo
916 5169 991 5245 quod
1002 5169 1031 5226 in
1086 5175 1142 5224 tem
1157 5179 1192 5222 ιιι
1206 5165 1263 5222 suis
1277 5163 1399 5220 amittit:
1416 5162 1447 5218 in
1469 5161 1519 5218 illa
1535 5166 1627 5216 autem
1642 5157 1700 5214 vita
1724 5157 1818 5214 luctus
1830 5169 1882 5211 uon

235 5253 285 5312 illa
307 5254 413 5316 habitet
426 5259 510 5329 Deus,
537 5257 682 5333 sicutipse
701 5258 770 5319 dicit
784 5275 832 5333 per
852 5258 1030 5335 prophetam:
1087 5254 1150 5324 erit,
1170 5254 1218 5328 qni
1249 5268 1297 5326 per
1324 5250 1501 5325 deceptiones
1526 5248 1683 5306 demonum
1711 5244 1824 5302 nullum
1850 5255 1884 5298 ex

243 5345 431 5407 «inhabitabo
445 5348 475 5406 in
491 5349 559 5418 illis,
574 5357 602 5407 et
614 5349 804 5420 inambulabo,
819 5359 846 5407 et
861 5366 907 5406 ero
918 5348 1032 5406 illorum
1087 5345 1144 5402 suis
1162 5342 1286 5401 amittere
1318 5339 1428 5414 poterit.
1460 5339 1551 5410 Neque
1585 5338 1696 5392 ιιιιιιοι.
1727 5334 1760 5390 In
1787 5329 1884 5390 Genesi

235 5439 318 5508 Deus,
333 5447 360 5496 et
375 5438 428 5513 ipsi
441 5449 523 5499 erunt
537 5439 606 5498 mihi
617 5441 736 5514 populus
753 5438 848 5513 (Lavit.
862 5455 941 5507 xxvi,
956 5438 1024 5509 iilo
1086 5434 1219 5508 scriptum
1234 5432 1359 5506 estquod
1373 5430 1478 5487 dixerit
1490 5431 1565 5485 Dens
1574 5427 1609 5484 ad
1622 5425 1781 5484 Abraham:
1802 5448 1812 5470 ι
1826 5421 1884 5480 Cla·

272 5527 364 5600 (Vere.
383 5527 426 5602 ι.)
440 5531 479 5589 ιιι
500 5531 628 5605 ubsterpet
640 5529 712 5588 Deus
725 5545 827 5586 omnem
842 5529 986 5600 bcryotcm
999 5527 1032 5583 ob
1086 5541 1147 5581 mor
1161 5524 1343 5582 Sodomorum
1358 5527 1384 5577 et
1399 5517 1561 5578 Gomorrbe
1587 5515 1664 5574 veuit
1681 5514 1716 5571 ad
1745 5528 1790 5570 me
1805 5513 1883 5586 (Gen.

215 5801 221 5809 ¹
273 5725 332 5795 (⁷⁸)
354 5729 394 5784 Ita
408 5744 472 5786 mss.
489 5748 496 5798 ;
518 5730 585 5790 edit.
608 5739 710 5803 autem,
723 5747 791 5808 sepe
809 5730 946 5806 pendium,
960 5746 1028 5806 sepe
1045 5727 1175 5790 tolcham.
1190 5727 1251 5786 Non
1264 5727 1346 5787 beno.
