4038 6168
122 299 195 360 1025
568 295 797 355 Bnnununnnr
815 293 1002 352 EXPOSlTlt)
1022 295 1057 351 tn
1075 291 1332 350 APOCALYPSlN.
1713 295 1783 354 inab

123 444 206 496 nvnr,
231 424 316 496 ΞΟ).»
337 423 421 479 lsains
444 437 509 478 vero
531 421 664 494 propheta
687 421 753 492 quid
769 421 805 476 sit
826 420 969 480 clnvnorn
986 419 1045 486 tris,
1064 425 1088 474 at
1105 419 1225 474 omnibus
1248 417 1437 473 mendacibus:
1462 435 1528 490 pers
1551 420 1661 477 illorum
1682 423 1733 478 erit
1753 422 1783 476 in

122 515 318 582 Sodomorum,
347 511 472 584 exponit,
502 527 564 569 enm
599 509 722 584 loquitur
746 509 781 566 de
808 509 891 566 lsrael
919 526 926 566 :
987 513 1109 580 empnam
1121 507 1190 579 ipnis
1207 508 1326 564 ardeatis
1343 508 1480 580 sulphure,
1499 510 1570 580 qnod
1588 516 1626 565 est
1644 527 1717 566 arom
1738 528 1784 568 se-

130 631 139 655 .
168 607 314 663 Peccatum
339 618 419 658 suum
445 601 522 676 qnasi
551 599 670 658 Sodoma
696 599 929 672 predicaverunt,
983 597 1069 654 mado
1083 595 1153 670 (80).
1175 597 1244 656 Cum
1263 597 1349 656 timor
1361 597 1442 656 valde
1455 599 1624 658 necessarius
1638 599 1675 658 sit
1687 600 1784 659 homi-

123 711 175 752 nec
200 692 407 752 absconderunt
428 690 638 763 (rsa.1rv,9).·
661 689 823 746 Praedicatio
845 689 930 762 igitur
984 685 1077 757 nibus,
1093 689 1283 744 curtimorem
1298 688 1447 747 internato
1465 688 1536 746 vitia
1559 689 1640 748 valde
1664 690 1784 765 pessima

122 783 230 860 peccati
253 784 359 841 clamor
379 787 504 838 vocatur.
520 779 668 837 Possumus
683 779 766 836 etiam
781 780 930 836 clamorem
984 777 1103 848 primum
1129 777 1244 850 posuit?
1270 778 1323 835 Sed
1343 787 1408 836 sunt
1429 779 1542 838 timores
1565 779 1644 850 honi,
1668 791 1733 838 sunt
1757 789 1785 838 et

124 876 207 933 aliter
230 873 405 945 iutelligere3
432 869 578 928 Psalmista
599 885 718 944 namque
741 868 833 926 dicit:
862 867 930 924 «nd
983 865 1060 922 mali.
1077 866 1127 924 Est
1140 868 1225 924 timor
1244 865 1324 925 valde
1338 870 1471 942 optimus,
1486 869 1521 927 de
1535 883 1590 944 quo
1612 869 1681 928 dicit
1703 870 1785 928 Psal-

123 964 286 1033 Dominum,
297 980 362 1021 cnm
372 963 532 1032 tribularer,
542 962 672 1030 clamavi,
687 970 715 1020 et
728 961 873 1018 exaudivit
887 976 930 1016 me
984 959 1085 1016 mista:
1107 961 1226 1018 «Timor
1239 961 1352 1019 Domini
1367 973 1487 1034 sanctus,
1508 980 1672 1036 permaneus
1689 967 1719 1024 in
1736 983 1784 1024 se·

126 1055 215 1129 (Psoi.
240 1069 318 1122 cxix,
333 1052 399 1126 1)·
427 1051 464 1108 Et
486 1052 595 1126 Moyses
620 1051 648 1109 in
675 1051 802 1125 angustia
824 1050 930 1124 positus
983 1049 1077 1107 culum
1091 1050 1184 1108 seculi
1200 1050 1287 1124 (Pscl.
1304 1069 1386 1123 xvru,
1404 1052 1469 1125 10);
1485 1077 1495 1102 ι
1514 1060 1557 1110 est
1569 1063 1596 1112 et
1608 1054 1692 1112 timor
1711 1072 1783 1113 mor·

124 1144 261 1204 clamabat
283 1141 317 1198 ad
339 1141 501 1198 Dominum.
517 1140 570 1199 Ubi
595 1157 658 1215 ergo
674 1155 761 1216 neque
775 1147 928 1215 peccatum,
984 1137 1021 1195 tis
1045 1138 1126 1195 ualde
1151 1141 1331 1212 necessarius,
1355 1141 1494 1217 timorque
1513 1143 1585 1216 ignis
1611 1143 1725 1202 eterni:
1742 1144 1784 1200 ti-

126 1234 200 1312 qnod
214 1231 389 1308 predicetur,
405 1246 494 1304 neque
508 1230 653 1289 tribulatio
671 1231 725 1289 erit
741 1232 808 1300 ulla,
824 1232 929 1289 elamor
985 1244 1045 1284 mor
1072 1229 1155 1285 etiarn
1185 1231 1320 1289 bonorum
1344 1230 1501 1302 hominum,
1525 1233 1635 1308 qnando
1657 1242 1785 1292 amantur

125 1326 201 1382 ullus
225 1319 395 1380 necessarius
418 1335 475 1377 non
498 1321 560 1378 erit.
581 1321 670 1392 Neque
693 1321 772 1378 dator
794 1320 855 1377 erit.
880 1321 931 1378 Est
984 1316 1018 1373 ab
1041 1317 1076 1374 iis
1099 1335 1115 1374 a
1138 1319 1238 1394 quihvm
1261 1321 1418 1380 timentur:
1444 1329 1508 1379 sunt
1535 1330 1563 1379 et
1584 1323 1633 1380 alii
1660 1322 1782 1392 timores,

126 1415 206 1474 dolor
224 1413 357 1487 corporis,
385 1420 426 1470 est
448 1419 476 1468 et
500 1412 609 1469 mentis.
636 1411 739 1484 lstique
763 1409 871 1467 dolores
892 1410 932 1467 ita
985 1406 1033 1479 qui
1046 1408 1195 1483 aliqnando
1206 1411 1316 1483 juvant,
1336 1411 1485 1485 aliquando
1509 1422 1626 1481 nocent;
1649 1413 1721 1472 sient
1743 1421 1785 1470 est

126 1513 191 1563 snnt
205 1502 334 1572 connexi,
349 1509 381 1558 ut
399 1517 471 1558 unus
485 1501 544 1558 sine
562 1501 649 1558 altero
672 1515 802 1558 essenon
825 1499 930 1572 possit;
986 1495 1070 1552 timor
1090 1498 1226 1556 malorum
1251 1499 1407 1572 hominnm,
1433 1502 1517 1561 timor
1537 1502 1675 1575 judicum,
1701 1504 1785 1562 timor

126 1593 206 1651 dolor
220 1592 321 1667 quippe
336 1591 460 1665 corporis
475 1589 573 1664 affligit
598 1599 739 1658 mentem3
755 1588 885 1646 similiter
905 1594 955 1644 et·
986 1585 1187 1647 dominorum:
1217 1601 1283 1650 sunt
1304 1593 1353 1650 elii
1374 1593 1488 1652 timores
1510 1595 1589 1652 valde
1612 1597 1734 1669 pessimi,
1750 1597 1785 1655 de

127 1686 207 1743 dolor
228 1685 329 1742 mentis
350 1700 451 1757 corpus
472 1681 622 1742 excruciat.
643 1685 676 1741 ln
699 1683 750 1740 illa
767 1681 852 1755 igitur
874 1679 933 1736 vita
986 1677 1087 1751 quibus
1100 1677 1147 1738 hic
1168 1679 1275 1737 dietum
1298 1698 1356 1740 esse
1379 1699 1458 1753 reor;
1481 1694 1547 1743 sunt
1568 1701 1686 1759 namque
1708 1703 1784 1744 uon-

126 1775 207 1831 dolor
227 1789 284 1830 non
308 1772 371 1842 erit,
390 1771 439 1829 ubi
463 1789 552 1846 neque
579 1771 698 1846 corpori,
722 1785 811 1844 neque
833 1768 932 1826 animae
948 1795 971 1858 Β
987 1767 1069 1836 nulli,
1089 1768 1137 1841 qui
1156 1767 1255 1826 umore
1268 1787 1411 1844 penarum
1425 1789 1496 1846 supe
1514 1775 1543 1831 in
1567 1775 1677 1833 fletibus
1703 1792 1785 1834 com-

127 1863 186 1919 ulla
208 1861 361 1919 adversitas
381 1861 505 1919 scaldem
525 1861 636 1935 poterit.
666 1861 730 1928 Quae
750 1860 842 1933 primu
862 1858 931 1914 ubic·
986 1865 1147 1930 punguntur
1163 1877 1169 1916 :
1185 1857 1233 1917 sed
1246 1861 1311 1934 quia
1324 1861 1424 1918 timent
1434 1863 1608 1936 asperitatem
1627 1864 1680 1920 rie
1697 1865 1783 1936 illius,

127 1960 204 2010 rant.
219 1951 312 2008 Prima
325 1950 528 2020 isteahiemnt,
543 1949 608 2024 quia
630 1966 694 2008 cum
718 1949 818 2007 seculo
837 1955 933 2004 trans-
987 1963 1047 2021 qne
1075 1947 1154 2005 ducit
1178 1949 1212 2006 ad
1234 1951 1332 2022 vitam,
1356 1951 1426 2009 vitia
1448 1952 1583 2024 deserere,
1612 1953 1785 2030 rigoremque

129 2043 241 2111 ierunt;
271 2041 350 2098 electi
376 2040 450 2098 enim
476 2039 523 2113 qui
551 2047 714 2114 presentem
736 2039 835 2106 vitam,
861 2037 933 2094 sicut
987 2037 1052 2094 vite
1077 2037 1157 2094 bonae
1182 2039 1388 2113 apprehendere
1414 2044 1580 2117 trepidant:
1610 2050 1675 2101 sunt
1700 2045 1783 2102 etiam

129 2129 257 2203 superins
267 2127 325 2201 jam
342 2127 477 2197 diximus,
492 2127 520 2184 in
536 2126 680 2186 doloribus
694 2135 722 2185 et
735 2124 933 2184 afflictionibus
987 2127 1080 2196 multi,
1093 2125 1195 2200 quibus
1213 2128 1290 2186 dedit
1311 2132 1385 2188 Deus
1406 2131 1551 2190 scientiam
1573 2133 1664 2206 legum
1681 2141 1785 2207 tempo·

128 2221 342 2292 deputaverunt,
358 2225 420 2291 post
443 2217 526 2274 linem
550 2217 693 2292 praesentis
715 2216 781 2274 vitae
802 2213 932 2290 gaudium
987 2219 1098 2290 ralium,
1115 2221 1163 2294 qui
1178 2221 1207 2278 iu
1220 2221 1335 2295 judiciis
1348 2223 1441 2295 positi,
1458 2225 1525 2282 dum
1540 2225 1638 2284 vident
1652 2226 1785 2301 quosdam

129 2307 329 2381 sempiternum
344 2306 522 2364 invenerunt.
987 2325 1003 2366 e
1019 2310 1221 2382 potentioribus
1235 2309 1337 2385 injuste
1356 2313 1486 2388 opprimi,
1503 2316 1565 2389 plus
1579 2315 1709 2373 timentes
1732 2315 1786 2373 iras

167 2406 258 2480 (Vera.
275 2405 302 2474 b,
323 2404 364 2477 6.)
379 2406 418 2461 Et
430 2405 501 2460 dicit
513 2405 560 2476 qui
572 2404 676 2462 radebat
689 2403 718 2460 in
732 2404 827 2461 throno
844 2420 850 2461 :
867 2405 934 2462 Ecce
987 2400 1133 2461 homiuum
1148 2420 1230 2479 quam
1245 2403 1315 2462 iram
1331 2406 1393 2477 Dei,
1408 2422 1538 2480 eosquos
1558 2423 1607 2482 per
1629 2406 1784 2466 doctrinam

129 2513 200 2552 noua
213 2495 285 2565 [cmo
299 2495 400 2552 omnia.
415 2497 454 2552 De
467 2494 647 2552 innovatione
669 2501 856 2553 creaturarum
881 2511 931 2552 su·
987 2507 1070 2566 quam
1088 2503 1261 2566 acceperunt,
1281 2494 1379 2568 juvare
1405 2505 1541 2568 poterant,
1569 2505 1597 2554 et
1620 2513 1636 2554 a
1663 2497 1786 2570 periculo

129 2585 222 2658 parius
236 2585 329 2659 aliqua
343 2583 476 2642 diximus.
501 2587 539 2642 Et
561 2585 632 2641 dicit
652 2583 741 2642 milvi:
759 2583 849 2642 Scriba
869 2585 933 2656 craia
987 2581 1114 2652 liberare,
1134 2583 1249 2641 tacendo
1264 2584 1438 2643 indemnem
1460 2602 1592 2660 magnum
1614 2585 1710 2642 sinunt
1732 2586 1786 2642 de-

130 2681 184 2737 bus
198 2679 277 2736 cerba
291 2678 446 2752 fidelissima
464 2686 537 2747 sunt,
560 2686 584 2736 et
600 2697 674 2738 ocra.
698 2679 752 2739 Sed
774 2689 802 2738 et
823 2679 876 2738 hoe
889 2695 934 2736 su·
988 2671 1101 2729 venire:
1118 2683 1183 2730 sunt
1196 2673 1245 2730 alii
1259 2673 1375 2748 quinon
1389 2676 1479 2731 solum
1495 2691 1551 2732 nou
1561 2673 1725 2746 eosjuvant,
1738 2671 1786 2732 aad

131 2769 225 2844 parius
245 2767 352 2826 dietum
374 2777 425 2827 ess.
446 2771 484 2827 Ει
503 2769 574 2828 amir
587 2770 653 2828 mini
671 2789 677 2828 :
694 2772 751 2844 1390
770 2787 829 2826 sem
845 2769 934 2843 Arpha
974 2768 1101 2841 'propter
1114 2761 1242 2819 timorem
1258 2762 1404 2822 hominum
1418 2765 1583 2822 sententiam
1600 2762 1786 2822 damnationis

130 2866 158 2916 ee
172 2861 277 2932 omega.
293 2857 367 2927 Quid
389 2859 426 2916 sit
447 2860 537 2932 Aspia
551 2867 574 2917 ee
591 2861 686 2934 amaya
708 2859 851 2918 subdendo
870 2875 935 2916 ma·
988 2851 1018 2908 in
1032 2868 1079 2910 eos
1092 2852 1236 2926 proferunt
1252 2873 1259 2912 :
1282 2863 1323 2913 est
1334 2861 1362 2914 et
1376 2856 1461 2914 timor
1478 2873 1558 2932 quern
1573 2855 1689 2915 avaritia
1704 2856 1785 2930 parit,

132 2951 256 3022 nitescat,
281 2967 344 3009 eum
366 2950 434 3009 dicit
450 2971 456 3010 :
474 2953 586 3010 [nictum
612 2959 637 3008 ee
663 2951 733 3025 finis,
755 2953 813 3024 1390
836 2949 934 3006 sitienti
988 2942 1090 3016 aliique
1104 2945 1218 3003 timores
1231 2944 1312 3004 valde
1326 2946 1450 3014 inutiles,
1458 2947 1493 3004 de
1503 2947 1604 3022 quibem
1618 2947 1730 3021 longum
1744 2947 1787 3004 est

132 3041 200 3099 dabo
221 3040 253 3096 dc
275 3039 346 3111 sonu
367 3059 443 3113 eque
465 3043 531 3098 uince
552 3041 647 3115 pratis.
665 3041 717 3098 Per
737 3039 841 3098 iontem
857 3055 934 3114 aquen
988 3032 1089 3090 dicere.

133 3131 205 3188 viras
229 3148 299 3205 saepe
322 3131 464 3206 Scriptura
484 3139 578 3190 sancta
597 3130 765 3204 designatur,
782 3130 854 3187 sicut
873 3132 935 3187 Do·
1024 3121 1184 3182 Incredulot
1202 3133 1294 3184 autem
1306 3143 1421 3184 uoueos
1437 3127 1628 3186 tantummodo
1642 3131 1724 3186 vocat
1738 3121 1787 3201 qui

133 3223 226 3280 minus
249 3221 317 3281 dicit
342 3222 372 3280 in
397 3223 575 3296 Evangelio:
603 3247 612 3272 ι
637 3221 690 3291 Qui
714 3220 802 3278 credit
826 3219 855 3278 in
880 3237 933 3290 me,
989 3224 1046 3266 nou
1068 3212 1194 3282 credunt,
1219 3214 1291 3272 sicut
1311 3224 1376 3273 sunt
1393 3215 1482 3273 iudai
1505 3225 1587 3292 atquo
1603 3217 1714 3291 pausum
1738 3215 1787 3274 sed

134 3311 206 3370 sicut
221 3312 362 3387 Scriptura
383 3312 462 3382 dicit,
477 3313 593 3370 flumina
612 3311 647 3370 de
661 3319 757 3370 ventre
772 3311 831 3385 ejus
850 3308 936 3368 lluent
990 3307 1077 3358 01008
1091 3301 1139 3376 qui
1153 3317 1209 3359 11011
1224 3304 1341 3362 credunt
1353 3307 1591 3364 resurrectionem.
1615 3307 1686 3365 Sunt
1703 3305 1786 3364 stiam

133 3399 211 3476 aqum
226 3402 298 3460 vivae
317 3403 408 3474 (duaa,
423 3419 475 3471 vn,
491 3401 548 3476 38),
564 3426 574 3451 2
597 3401 650 3460 Sed
672 3409 704 3458 ue
726 3401 852 3459 ordinem
875 3416 937 3456 ser.
990 3390 1038 3446 alii
1054 3390 1136 3450 multi
1150 3391 1199 3466 qui
1212 3390 1363 3451 Christiani
1377 3404 1521 3462 vocantur,
1541 3394 1590 3470 qui
1603 3411 1660 3453 non
1671 3394 1788 3454 credunt

133 3510 241 3563 vernus,
268 3509 316 3567 per
343 3493 448 3551 iontem
472 3509 549 3568 aquas
576 3493 648 3550 vivae
676 3492 791 3566 gloriam
818 3489 937 3548 coelestis
991 3487 1063 3545 576
1078 3489 1128 3548 Dei
1139 3489 1274 3562 justitiu3
1291 3507 1341 3565 pro
1355 3492 1560 3566 eoenimquod
1574 3492 1786 3567 vitiadilignnt,

133 3584 230 3658 patrie
244 3581 376 3641 debemus
390 3583 545 3656 intelligere
562 3601 568 3640 :
585 3583 633 3657 qui
646 3581 709 3640 lons
722 3581 757 3638 ab
770 3582 830 3655 ipso
844 3579 937 3637 Domi·
991 3586 1018 3635 et
1031 3577 1169 3636 desideria
1182 3581 1272 3638 caruis
1286 3598 1343 3640 sua
1361 3581 1491 3657 perlicere
1515 3583 1625 3653 volunt,
1649 3599 1706 3640 nou
1731 3600 1788 3641 ore·

134 3689 171 3730 no
185 3673 346 3746 procedens,
362 3683 469 3732 montes
493 3671 618 3731 omnium
639 3671 780 3745 iustorum
803 3686 852 3728 sus
873 3669 938 3727 iue-
991 3667 1062 3726 dunt
1083 3669 1313 3730 comminationes
1333 3671 1492 3730 divinarum
1516 3671 1731 3746 scripturarum,
1758 3678 1789 3730 ut

134 3763 268 3821 narrabili
295 3763 442 3822 dulcedine
469 3764 568 3821 satiare
601 3779 657 3820 non
686 3761 804 3819 desistit.
834 3760 937 3820 Verum
991 3765 1132 3832 putentes
1146 3777 1197 3834 pro
1214 3762 1249 3818 iis
1265 3777 1324 3820 esse
1344 3761 1531 3833 damnandnm
1555 3779 1620 3820 uam
1646 3762 1789 3822 libidinosi

135 3850 274 3926 quomodo
290 3851 377 3925 gloria
397 3853 450 3910 ista
473 3853 558 3927 gratis
578 3851 662 3926 justis
682 3852 773 3922 datur,
790 3865 840 3925 pro
859 3849 938 3923 cujus
992 3847 1089 3906 dicunt
1103 3852 1182 3907 nullo
1195 3851 1277 3908 modo
1290 3867 1339 3925 pro
1348 3869 1401 3910 usu
1413 3852 1615 3913 concumbendi
1623 3867 1790 3926 quemquam

135 3939 295 4011 acceptione
317 3943 406 3998 multa
428 3942 543 4000 adversa
565 3944 716 4017 perierunt,
735 3943 837 4000 multas
851 3943 939 4013 lacry·
992 3956 1050 3998 esse
1064 3942 1217 4016 periturum
1234 3961 1240 3999 ε
1259 3942 1306 4000 sed
1320 3952 1348 4001 et
1360 3944 1463 4003 ebriosi
1486 3945 1584 4003 dicunt
1606 3945 1684 4002 nullo
1707 3943 1790 3999 modo

136 4043 196 4088 mas
222 4026 352 4098 fundunt,
382 4029 540 4088 innumeras
566 4046 659 4104 preces
686 4031 815 4101 offerunt,
836 4029 939 4087 multas
992 4045 1021 4085 se
1034 4046 1084 4104 pro
1099 4031 1259 4091 nimiavini
1274 4032 1413 4106 potatione
1427 4051 1486 4092 esse
1504 4033 1682 4108 puniendos:
1706 4029 1791 4088 sirni-

137 4121 327 4192 eleemosynas
355 4118 510 4194 largiuntur
527 4138 534 4178 :
553 4130 580 4179 et
604 4122 711 4180 ceteris
734 4121 814 4179 honis
843 4121 939 4195 operi-
993 4119 1057 4176 liter
1071 4127 1098 4176 et
1116 4121 1202 4192 avari,
1225 4122 1374 4194 luxuriosi,
1397 4131 1479 4199 atque
1502 4119 1613 4196 superbi
1638 4117 1791 4177 defenduut

136 4213 189 4270 bus
201 4209 361 4284 semetipsos
375 4211 529 4270 exercent?
544 4210 596 4268 Sed
611 4213 696 4286 gratis
708 4211 793 4271 vitam
808 4219 938 4268 aeternam
991 4209 1062 4266 vitia
1074 4225 1133 4268 sue.

137 4298 318 4378 percipiunt:
335 4300 401 4374 quia
416 4299 536 4373 pretium
549 4300 615 4357 vitae
631 4308 750 4370 aeterna,
774 4299 848 4374 quod
873 4305 938 4356 sunt
1027 4301 1191 4358 Exsearatos
1205 4309 1297 4358 autem
1311 4319 1357 4359 eos
1376 4317 1434 4359 esse
1451 4306 1529 4376 puto,
1550 4299 1598 4375 qui
1613 4305 1791 4358 exsecrentur

137 4391 211 4448 bona
233 4405 325 4463 opera,
348 4387 382 4446 ab
407 4387 468 4462 ipso
490 4387 639 4463 accipiunt,
655 4388 704 4463 qui
727 4388 822 4446 dixit:
849 4388 938 4445 «Sine
993 4390 1121 4447 mandata
1134 4390 1293 4449 divinarum
1321 4392 1537 4466 Scripturarum,
1553 4391 1790 4464 correctionesque

138 4497 183 4539 me
207 4479 279 4537 nihil
307 4478 424 4553 potestis
450 4479 539 4537 lacera
568 4479 659 4551 (loun.
688 4492 738 4546 xv,
766 4477 806 4549 5).
835 4501 845 4526 ι
878 4478 938 4550 lpse
993 4479 1138 4536 hominum
1152 4479 1298 4540 bonorum.
1313 4482 1462 4539 Possumus
1473 4489 1500 4539 et
1514 4497 1563 4555 per
1575 4487 1790 4539 exsecratorem

139 4569 240 4646 quippe
254 4568 302 4626 dat
315 4567 446 4642 pretium,
461 4569 519 4642 ipse
542 4576 569 4626 et
585 4583 635 4642 pro
656 4566 744 4643 pretio
769 4567 828 4641 (79)
852 4567 940 4624 vitam
994 4569 1148 4644 intelligere
1162 4571 1210 4647 qni
1224 4572 1254 4630 in
1270 4579 1378 4631 tantmu
1393 4579 1458 4630 sunt
1473 4571 1664 4640 inverecundi,
1684 4578 1715 4628 ut
1734 4585 1791 4628 nou

142 4667 273 4718 eternam
287 4659 413 4733 largitur.
993 4661 1095 4736 pudeat
1108 4678 1155 4721 eos
1169 4661 1292 4737 quaedam
1311 4661 1491 4720 exsecrabilia
1511 4659 1541 4718 in
1562 4667 1711 4736 conspectu
1733 4675 1791 4718 om·

175 4756 267 4830 (Vera.
284 4755 310 4827 7,
330 4755 372 4829 8.)
396 4755 449 4824 Qui
473 4755 574 4827 uenit,
600 4755 745 4831 possidebit
765 4757 828 4826 bec,
850 4761 874 4812 et
895 4772 940 4813 aro
994 4751 1073 4810 nium
1092 4760 1268 4828 perpetrare:
1290 4753 1338 4827 qui
1355 4769 1413 4810 uon
1430 4753 1519 4811 solum
1541 4751 1669 4825 ajustis,
1693 4765 1791 4808 verum

138 4847 181 4906 illi
204 4849 285 4920 naus,
301 4855 327 4905 ct
346 4849 401 4922 ipse
422 4849 475 4906 erit
496 4849 562 4906 milri
584 4851 666 4923 filisu.
693 4851 746 4920 Qui
765 4849 864 4908 vicerit
884 4848 940 4908 dia·
994 4843 1078 4900 etiem
1092 4859 1108 4900 ε
1122 4842 1286 4918 quibusdam
1301 4840 1413 4914 injustis
1427 4857 1497 4915 sepe
1513 4848 1701 4900 exsecrantur.

138 4935 408 5014 solomonemque
430 4940 500 4997 vitiu
520 4955 661 5013 superans,
690 4942 720 4998 in
743 4941 824 4999 bonis
846 4941 941 5016 operi-
1031 4931 1191 4991 H0micidu⁵
1204 4939 1295 4990 aulem
1310 4940 1392 5005 110011
1407 4949 1463 4990 non
1491 4933 1582 4990 10111111
1604 4929 1793 4989 interfectores

138 5025 193 5082 bus
227 5029 452 5100 perseveraverit,
490 5029 642 5103 possidebit
676 5029 745 5099 haec,
774 5029 803 5087 id
831 5037 881 5100 est,
910 5047 941 5088 ea
994 5023 1176 5100 quorumdam
1198 5024 1355 5096 homiuum,
1370 5025 1518 5084 sedatam
1535 5026 1584 5101 qui
1607 5025 1702 5083 odium
1729 5036 1792 5096 por·

139 5131 200 5190 qua
224 5118 349 5190 superins
372 5118 446 5176 dicta
473 5127 556 5188 sunt;
580 5118 712 5176 videlicet
734 5125 765 5175 ut
784 5117 862 5176 bibat
883 5120 941 5193 ipse
994 5122 1054 5172 tant
1069 5115 1098 5174 in
1112 5114 1242 5174 cordibus
1264 5115 1332 5187 suis,
1359 5117 1432 5176 sicut
1453 5115 1505 5176 iste
1529 5117 1647 5174 loannes
1670 5110 1793 5186 loquitur

139 5206 174 5264 de
189 5205 265 5265 louta
278 5209 344 5266 vitas
356 5215 475 5280 aeterne,
491 5209 565 5283 quod
578 5216 620 5266 est
631 5208 719 5284 gloria
730 5215 871 5284 perpetua.
994 5205 1108 5266 diceus:
1132 5232 1141 5257 ι
1156 5206 1253 5267 Omnis
1266 5207 1314 5283 qui
1329 5207 1389 5266 odit
1402 5207 1516 5267 fratrem
1538 5222 1630 5276 sunm,
1653 5199 1794 5264 homicida

179 5295 291 5355 Timidis
317 5305 414 5368 auum,
444 5304 468 5355 et
503 5299 656 5370 incredulis,
685 5307 708 5357 et
734 5300 885 5370 accuratu,
918 5306 943 5356 et
994 5303 1037 5354 est
1052 5295 1082 5370 (l
1092 5297 1171 5356 loon.
1192 5315 1235 5369 ru,
1254 5299 1341 5373 lbi·

139 5383 289 5459 homicidis,
313 5394 337 5444 et
358 5387 576 5460 [muneribus
600 5395 625 5447 st
643 5389 774 5464 amicis,
788 5397 813 5448 st
829 5391 941 5449 malcu-
1030 5385 1160 5462 Sequitur
1173 5387 1329 5448 forricatio.
1345 5387 1570 5450 Fornicationum
1589 5396 1688 5459 reuera
1706 5379 1794 5480 multa

177 5547 237 5632 (⁷9)
254 5549 331 5634 lidit.
348 5547 415 5609 Gill.
432 5550 462 5606 in
481 5559 625 5623 contextu,
640 5553 688 5610 dat
706 5553 832 5628 pretium,
849 5562 874 5612 et
886 5555 942 5614 sins
1033 5549 1093 5626 (80)
1107 5551 1187 5610 Rom.
1201 5551 1268 5612 edit.
1283 5552 1343 5612 loco
1358 5557 1492 5622 moverat,
1500 5544 1652 5607 ctomnibca
1663 5544 1793 5605 mudum·

139 5627 248 5704 pretam
266 5636 296 5679 ru
311 5638 397 5696 marg.
418 5630 521 5694 autem,
538 5632 567 5683 et
586 5625 666 5684 Rom.
688 5625 719 5682 in
738 5629 943 5698 concenturiat
996 5624 1077 5684 bras...
1092 5625 1163 5698 quod
1177 5630 1296 5684 utmors
1308 5625 1431 5683 amanda.

140 5699 255 5764 pretium
269 5700 293 5752 et
304 5710 353 5754 auo
364 5695 469 5770 pestio;
481 5713 546 5756 mss.
570 5713 636 5756 vero
653 5695 735 5758 nobis
748 5699 939 5775 suffragantur.
