4082 6176
251 300 302 360 tls
750 296 800 353 AD
816 293 934 354 OPERA
951 293 981 352 S.
1001 289 1168 352 annuosll
1186 288 1379 348 rennuunt.
1852 285 1907 346 720

247 432 327 480 extra
339 419 490 479 Ecclesiam
509 419 629 494 projicit,
645 419 675 476 in
690 419 790 493 quibus
808 419 873 477 lidei
891 421 985 476 lumen
1000 420 1030 476 in
1060 417 1163 491 Agelli
1178 415 1353 485 suavitatem,
1379 421 1427 473 ant
1450 413 1586 487 Spiritum
1611 421 1740 473 sanctum
1759 427 1808 488 por
1831 412 1907 470 chri·
1921 413 1956 432 ‘'

249 508 360 566 firmum
372 515 423 578 est,
438 507 486 582 qui
499 505 607 580 igneam
626 505 839 578 Evangeliorum
861 507 950 564 lucem
970 507 1049 564 vitiis
1102 507 1198 564 smatis
1213 505 1384 564 unctionum.
1407 505 1443 561 Et
1465 503 1534 562 alibi
1559 501 1616 561 ait:
1644 529 1654 553 ι
1677 501 1778 560 maus
1795 501 1845 577 qni
1867 509 1908 560 te·

248 597 426 656 sacularibus
439 595 577 670 inquinati
591 595 663 652 ferre
677 613 733 653 non
749 605 874 668 possunt.
1103 605 1160 666 net,
1193 603 1221 652 et
1251 594 1348 652 allidet
1378 593 1498 650 infantes
1531 600 1594 650 tuos
1622 591 1657 650 sd
1682 601 1787 666 petram
1815 590 1906 662 (Ptol.

284 689 311 746 6.
325 689 360 743 Et
374 695 405 742 ut
417 685 509 760 aquila
524 693 663 759 serpentes
676 687 800 748 devorat,
814 694 841 743 et
855 702 949 742 eorum
969 702 1048 743 vene·
1103 701 1219 754 cxxxvr,
1235 685 1264 759 9)
1278 702 1283 740 :
1300 709 1310 733 ι
1329 683 1404 756 quod
1418 681 1515 757 ntique
1529 681 1559 739 in
1574 681 1711 754 religiosis
1725 679 1907 755 parricidium

248 793 284 834 na
298 777 388 834 calore
402 775 496 850 coquit
512 774 633 845 interno,
651 775 689 832 ita
712 784 739 834 et
763 774 889 833 Christus
913 774 1049 832 Dominus
1103 783 1172 844 erat,
1194 773 1217 832 si
1245 781 1322 847 petra
1347 774 1401 830 ista
1429 772 1548 846 liguram
1579 769 1684 830 Christi
1709 770 1833 844 corporis
1849 786 1908 830 non

248 875 352 936 noster,
368 881 497 939 percusso
511 865 641 932 dracoue,
660 864 689 920 id
710 875 762 934 est,
784 864 895 921 diabolo
920 865 1047 934 lacerate,
1102 861 1226 922 haberet.
1242 865 1331 920 Nemo
1350 861 1424 920 euim
1444 862 1540 918 beatus
1564 861 1593 917 in
1617 860 1713 918 funere
1735 868 1786 931 est,
1802 859 1851 934 qni
1866 861 1909 918 in·

248 955 322 1030 quod
352 954 506 1011 humanum
538 953 592 1010 sibi
617 970 718 1027 corpus
749 955 875 1023 assumit,
907 961 1048 1026 peccatum
1104 952 1193 1008 fantes
1206 967 1272 1008 suos
1285 949 1378 1007 allidit
1392 950 1427 1007 ad
1446 957 1575 1022 petram:
1594 948 1641 1006 aed
1659 948 1722 1005 ideo
1742 949 1839 1006 beatus
1854 957 1907 1018 est,

222 1045 319 1104 'illud
338 1044 411 1118 quod
433 1042 574 1100 hominem
597 1043 707 1101 tenebat
730 1042 893 1112 obnoxium,
918 1049 1047 1116 tauquam
1104 1040 1179 1115 quod
1191 1040 1254 1098 illos
1267 1039 1413 1113 conjungit
1427 1038 1462 1096 ad
1475 1047 1592 1112 petram.

248 1135 434 1210 perniciosum
455 1132 534 1189 virus
556 1131 700 1198 exstinxit,
724 1132 795 1190 sicut
818 1132 967 1206 Apostolus
990 1133 1047 1190 ait:
1139 1131 1166 1188 9.
1184 1131 1250 1188 Dixi
1265 1146 1328 1204 ergo
1342 1139 1447 1203 petram
1469 1127 1621 1186 Dominum
1636 1135 1664 1184 et
1677 1126 1847 1184 Salvatorem
1860 1143 1910 1185 no·

257 1225 316 1281 «Et
330 1223 364 1280 de
379 1229 490 1296 peceato
512 1220 654 1278 damnavit
677 1228 819 1294 peccatum
844 1223 872 1278 in
896 1237 977 1278 carne
1002 1237 1050 1278 sua
1105 1226 1193 1276 strum
1213 1219 1244 1274 in
1264 1217 1414 1292 Scripturis
1433 1215 1564 1276 omnibus
1581 1215 1715 1273 inveniri.
1733 1215 1853 1289 Serpens
1862 1231 1911 1272 au·

250 1309 482 1387 (Rom.v111,3);
499 1336 509 1361 ι
529 1317 557 1366 et
570 1309 656 1366 alibi:
680 1309 757 1378 «Qui
773 1327 836 1367 cum
849 1317 975 1383 peccator
994 1325 1050 1366 non
1105 1318 1161 1366 tem
1190 1324 1227 1365 ex
1255 1309 1316 1381 ipso
1340 1307 1464 1377 nomine,
1491 1305 1565 1381 qnod
1584 1305 1621 1364 sit
1643 1305 1779 1374 diabolus,
1796 1313 1911 1378 apparet

248 1409 328 1470 esset,
350 1417 400 1474 pro
423 1398 503 1456 nobis
526 1408 667 1472 peccatum
692 1399 759 1456 iecit
775 1399 821 1472 (Il
835 1400 899 1458 Cor.
916 1417 944 1470 v,
959 1399 1043 1471 ill.»
1104 1399 1177 1457 sicut
1189 1398 1317 1457 callidior
1329 1397 1455 1455 omnium
1470 1395 1632 1469 bestiarum,
1655 1413 1716 1472 quas
1737 1402 1803 1454 sunt
1827 1412 1912 1470 supra

248 1489 357 1549 Adhoc
371 1505 479 1565 qnoque
497 1489 608 1564 Moyses
622 1499 775 1564 serpentem
792 1507 900 1549 aueum
915 1488 946 1548 in
959 1507 1050 1548 eremo
1104 1499 1217 1560 terram,
1245 1488 1274 1546 id
1299 1497 1351 1559 ast,
1375 1487 1503 1547 diabolus
1529 1486 1604 1562 (l2):
1631 1484 1680 1560 qni
1705 1484 1768 1542 ideo
1796 1501 1912 1560 serpena

248 1580 392 1654 suspendit
417 1579 447 1637 in
470 1579 556 1652 ligno,
581 1580 630 1655 qui
653 1581 780 1655 proprius
802 1587 861 1638 erat
878 1589 961 1653 typus
985 1596 1051 1637 cor-
1105 1578 1218 1648 dicitur,
1234 1578 1308 1652 qnod
1323 1578 1430 1636 occulte
1449 1586 1551 1652 serpat,
1573 1583 1601 1634 et
1622 1575 1805 1651 qnodsensns
1819 1574 1910 1633 homi·

248 1671 324 1746 poris
351 1668 468 1739 Christi,
483 1674 514 1725 ut
529 1669 687 1742 quicunque
702 1669 732 1724 in
745 1684 808 1724 enm
828 1669 971 1741 aspiceret,
994 1683 1050 1725 non
1105 1671 1149 1728 nis
1170 1671 1291 1729 tenuiter
1312 1669 1453 1730 illabendo
1468 1676 1622 1748 pertentet:
1647 1668 1758 1744 quossi
1783 1671 1912 1728 convice-

248 1762 365 1835 periret;
387 1776 486 1832 corpus
508 1759 584 1815 enim
602 1758 726 1815 hominis
740 1773 790 1830 per
805 1758 1049 1832 transgressionem
1067 1783 1091 1845 Β
1106 1761 1152 1830 rit,
1169 1759 1301 1818 medullis
1323 1776 1352 1818 se
1373 1759 1520 1817 hominnm
1544 1767 1626 1832 atqne
1652 1757 1760 1816 ossibus
1783 1756 1914 1832 implicat

249 1865 299 1907 vas
327 1850 417 1906 luerat
448 1847 583 1920 serpentis
609 1847 747 1905 ellectum.
772 1847 818 1906 Sic
844 1856 872 1906 et
899 1847 967 1905 alibi
994 1848 1050 1921 ipse
1107 1859 1134 1908 et
1147 1849 1296 1923 immergit.
1312 1848 1366 1918 Qui
1385 1849 1415 1906 in
1437 1865 1552 1923 corpore
1575 1846 1709 1917 heminis,
1732 1845 1913 1922 quodomni-

221 1984 225 1992 .
249 1937 477 2010 lloyscsvirgam
496 1933 612 2008 projecit
628 1935 785 2006 interram,
810 1952 871 2010 quae
896 1937 925 1994 in
944 1937 1051 1995 simili·
1106 1949 1204 2013 potens
1219 1937 1346 1999 Christus
1362 1940 1435 1996 Deus
1455 1938 1592 2008 induerat,
1615 1935 1694 1994 nulla
1716 1935 1831 1993 malitia
1853 1951 1912 1994 sua

249 2025 374 2084 tudinem
389 2032 430 2082 est
444 2031 586 2097 corporata
601 2026 753 2098 serpentis:
772 2041 833 2100 quaa
854 2026 955 2100 etipsa
976 2027 1051 2083 ima·
1107 2033 1198 2104 potnit
1231 2031 1389 2106 imprimere
1418 2031 1544 2106 uestigia,
1573 2031 1701 2106 quamvis
1727 2028 1800 2088 illud
1828 2046 1912 2088 ausus

250 2131 283 2189 go
298 2123 355 2172 erat
369 2114 492 2188 corporis
505 2113 629 2185 Domini,
646 2113 708 2171 ideo
730 2123 814 2172 tantae
836 2115 950 2173 virtutis
971 2117 1002 2173 iu
1021 2132 1052 2173 se
1106 2118 1191 2177 fuerit
1205 2135 1276 2194 sape
1292 2128 1408 2190 tentare,
1422 2120 1495 2179 sicut
1509 2121 1567 2193 ipse
1582 2118 1718 2177 Dominus
1733 2118 1763 2174 in
1776 2119 1911 2192 Drange-

249 2215 347 2282 typum
362 2207 480 2280 gerebat,
496 2207 577 2280 isqui
593 2206 736 2265 absorbuit
751 2207 810 2281 (ll)
824 2207 951 2264 omnium
967 2207 1052 2282 AEgy·
1107 2210 1146 2267 lio
1164 2212 1219 2268 ait:
1251 2234 1260 2260 ι
1285 2212 1356 2268 Ecce
1385 2209 1462 2267 venit
1487 2208 1615 2283 princeps
1640 2205 1739 2265 mundi
1762 2206 1859 2280 hujus,
1884 2215 1913 2265 et

249 2297 554 2372 ptiorumpotestatem.
1107 2300 1178 2358 nihil
1193 2300 1222 2357 in
1238 2318 1282 2358 me
1301 2299 1409 2358 invenit
1432 2299 1523 2373 (toan.
1553 2313 1613 2368 xxv,
1641 2298 1709 2370 dou
1730 2323 1741 2349 ν
1766 2309 1792 2356 et
1818 2299 1910 2357 alibi:

286 2388 312 2442 7.
329 2387 388 2442 Hoc
399 2393 440 2442 est
454 2401 518 2458 ergo
533 2382 607 2458 quon
626 2384 683 2441 ait:
707 2407 716 2432 ·
733 2385 857 2458 vetigia
874 2385 974 2458 aquila
996 2400 1051 2441 vo·
1113 2390 1214 2448 «Nihil
1229 2389 1358 2463 proficier
1376 2389 1507 2447 inimicus
1522 2389 1552 2446 iu
1567 2403 1611 2460 eo,
1633 2397 1661 2446 ct
1680 2387 1755 2445 filius
1774 2386 1912 2463 iniquiu-

249 2475 333 2534 lantis
346 2475 441 2546 (Proo.
457 2489 526 2541 xxx,
542 2471 605 2545 tel:
629 2497 639 2520 ι
661 2472 726 2545 quia
742 2475 794 2529 etsi
816 2481 877 2546 post
897 2473 1050 2546 passionem
1107 2481 1211 2538 risnon
1226 2479 1338 2539 nocebit
1354 2479 1379 2536 ui
1393 2479 1479 2553 (Paul,
1498 2495 1640 2547 aruum,
1657 2476 1716 2551 23),
1741 2502 1751 2526 .
1782 2477 1846 2535 flaeu
1871 2485 1913 2535 eat

249 2573 276 2621 11
306 2563 534 2620 11111111110118111
567 2580 655 2632 suam,
690 2562 870 2636 PPPSentibus
905 2561 1050 2635 ³P⁰S²⁰lib
1108 2587 1171 2643 ergo
1186 2579 1272 2644 petra,
1292 2568 1321 2626 id
1341 2575 1392 2638 est,
1413 2585 1477 2626 caro
1501 2567 1606 2628 Christi
1629 2567 1707 2624 nulla
1726 2565 1835 2623 inimici
1858 2567 1912 2624 ini·

251 2652 388 2709 Dominus
410 2658 505 2708 noster
525 2650 650 2708 ascendit
675 2651 705 2706 in
729 2652 840 2718 coelum,
860 2658 953 2707 tamen
973 2649 1053 2722 cujus
1108 2661 1213 2733 quitata
1227 2674 1360 2731 respersa,
1375 2658 1405 2714 in
1424 2674 1478 2732 qua
1501 2655 1646 2731 serpentis,
1672 2654 1702 2713 id
1728 2661 1780 2726 est,
1804 2657 1913 2728 peccati

251 2739 375 2798 hominis
391 2749 448 2798 tam
463 2740 536 2798 altus
552 2757 648 2798 sensus
671 2749 698 2797 et
721 2747 814 2798 mutus
835 2747 886 2810 est,
907 2747 939 2797 ut
958 2740 1054 2812 expli·
1108 2746 1226 2819 alicujus
1244 2745 1393 2820 uestigium
1416 2763 1473 2804 non
1494 2753 1615 2820 apparet,
1639 2751 1670 2803 nt
1691 2743 1825 2816 scripturn
1848 2750 1910 2801 est:

250 2845 311 2888 care
329 2830 426 2902 possit,
444 2829 583 2903 quomodo
605 2829 653 2885 illa
673 2836 750 2885 tanta
774 2826 901 2900 majestas
924 2827 958 2885 de
982 2828 1053 2886 coelo
1114 2835 1196 2904 «Qui
1212 2843 1355 2910 peceatum
1369 2851 1425 2893 non
1442 2835 1517 2905 fecit,
1541 2849 1593 2894 nec
1615 2832 1698 2891 dolus
1716 2833 1848 2892 inventur
1870 2842 1913 2893 eut

251 2926 299 2975 ant
316 2920 411 2976 venire
435 2917 548 2991 dignata
576 2917 675 2984 fuerat,
699 2924 747 2973 aut
770 2915 861 2974 redire
876 2935 883 2985 ;
914 2933 978 2973 oum
1000 2915 1054 2974 hoc
1109 2926 1138 2982 iu
1151 2941 1197 2982 ore
1209 2925 1268 3000 ejus
1284 2925 1313 2998 (Ι
1325 2926 1398 2982 Patr,
1415 2942 1447 2995 11,
1462 2924 1548 2998 22),,

251 3007 342 3064 solum
356 3007 438 3063 nobis
452 3007 522 3064 scire
535 3007 627 3074 liceat,
643 3003 717 3077 quod
727 3011 775 3060 aut
789 3005 876 3075 venit,
894 3013 942 3062 aut
957 3005 1053 3062 redit?
1144 3013 1258 3073 CAPUT
1273 3014 1321 3072 lv,
1337 3044 1373 3056 ..
1392 3015 1439 3073 10,
1457 3014 1559 3073 Adhuo
1572 3011 1641 3089 quid
1652 3010 1811 3087 subjungat,
1825 3011 1913 3070 gudj-

251 3094 320 3164 Quis
342 3097 417 3152 enim
442 3109 605 3167 cognoscere
625 3100 715 3166 potest
733 3093 965 3166 quemadmodum
986 3095 1052 3152 Ver·
1068 3141 1089 3202 C
1107 3111 1152 3160 aa:
1176 3105 1236 3161 «Et
1250 3102 1372 3173 samius,
1387 3103 1489 3178 inquit,
1502 3103 1583 3160 navis
1595 3101 1784 3176 navigantis.»
1805 3101 1912 3161 Navem

251 3183 318 3240 bum
331 3184 361 3240 in
376 3183 518 3256 Virginem
534 3181 651 3250 venerit,
667 3190 698 3238 ut
714 3190 825 3254 repente
840 3183 1006 3256 conciperet,
1021 3189 1053 3240 nt
1108 3193 1221 3267 sumque
1235 3194 1387 3252 Ecclesiam
1404 3192 1536 3251 dehemus
1548 3193 1671 3266 accipere
1689 3192 1719 3248 in
1738 3191 1797 3249 κιο
1812 3192 1914 3250 mundi

252 3274 434 3332 1111111101111
453 3271 539 3329 11111111
560 3271 999 3344 911111111811111111111111111111,
1022 3278 1053 3330 111
1108 3284 1188 3341 istius
1212 3283 1402 3353 constitutam,
1425 3299 1486 3358 quae
1507 3282 1611 3341 crebris
1625 3289 1773 3340 ventorum
1787 3281 1911 3354 flatibus,

252 3361 394 3419 hominem
409 3362 483 3419 ⁰⁰⁰³
503 3361 642 3431 1111111111,
662 3376 744 3434 (1111111
759 3367 834 3420 101111
856 3361 976 3418 1111111111
995 3377 1053 3418 11011
1108 3371 1199 3441 idest,
1215 3372 1401 3429 tentationum
1417 3373 1505 3446 plagis
1526 3380 1554 3430 et
1574 3371 1737 3430 verberibus
1756 3372 1909 3446 fatigatur:

251 3459 351 3527 potest,
368 3467 418 3509 nec
429 3449 554 3520 sufferre,
573 3465 624 3507 nec
637 3448 756 3521 capere?
771 3448 799 3504 id
822 3457 873 3517 est,
896 3449 969 3523 qnod
989 3449 1051 3507 ait:
1108 3477 1189 3535 quam
1204 3459 1309 3518 turbidi
1324 3459 1434 3532 linctus,
1450 3461 1478 3518 id
1493 3469 1543 3532 est,
1567 3457 1650 3534 hujus
1664 3460 1758 3519 secuti
1777 3469 1912 3534 potestas,

259 3546 407 3617 «vestigia
420 3545 520 3618 aquila
534 3544 672 3613 volantis;
688 3571 698 3595 υ
720 3545 749 3602 id
764 3555 815 3613 est,
831 3545 936 3603 Christi
951 3547 1053 3604 Domi·
1107 3560 1244 3610 conantur
1257 3550 1291 3608 ad
1304 3567 1370 3610 saxa
1385 3551 1543 3625 perducere.
1559 3552 1625 3620 Quae
1639 3553 1690 3611 etsi
1707 3552 1844 3610 nudarum
1860 3552 1911 3619 ilp-

252 3634 283 3693 ni
293 3633 467 3691 advenientis
478 3631 513 3688 ad
527 3640 640 3700 terram,
651 3647 683 3689 ac
695 3631 836 3689 redeuntis
850 3633 884 3689 ad
898 3634 1052 3692 coelosves·
1107 3641 1199 3700 atibus
1213 3649 1260 3698 aut
1281 3640 1410 3714 procellis
1432 3656 1502 3715 saepe
1516 3648 1643 3712 vexatur,
1658 3648 1752 3699 umen
1766 3657 1911 3715 nunqnam

252 3717 530 3794 1161110111111111111111
544 3719 721 3793 enarrari(1¹10
731 3736 787 3776 ¹¹0ss
802 3736 891 3792 110111·
1108 3743 1197 3809 potest
1210 3734 1345 3791 sustinere
1360 3733 1544 3808 naufragium,
1570 3733 1634 3808 qnia
1655 3733 1685 3789 in
1699 3731 1797 3790 arbore
1808 3732 1869 3806 ejus
1882 3730 1912 3789 id

289 3819 403 3880 CAPUT
417 3819 465 3876 ΙΙΙ.
480 3849 516 3862 -
526 3819 553 3876 8.
576 3819 635 3876 «Et
650 3820 719 3890 vias,
741 3820 842 3895 inquit,
861 3825 996 3896 serpentis
1010 3843 1053 3884 su·
1108 3829 1159 3893 est,
1175 3823 1205 3880 in
1220 3839 1310 3892 cruce,
1324 3821 1452 3880 Christus
1466 3823 1591 3896 erigitur,
1607 3822 1636 3879 in
1651 3821 1737 3896 puppi
1750 3821 1832 3878 Pater
1845 3821 1912 3878 rasi·

252 3925 302 3987 per
314 3916 431 3982 petram.
446 3931 456 3958 a
475 3907 541 3965 Dixi
546 3905 604 3979 jam
618 3906 745 3965 charitati
759 3915 857 3966 vestre
872 3912 946 3985 quod
960 3913 1053 3970 sinuo·
1108 3913 1164 3983 det,
1180 3913 1347 3987 gubernator
1370 3928 1480 3985 proram
1494 3912 1649 3986 paracletus
1670 3920 1761 3968 servat
1775 3909 1910 3984 Spiritus.

253 4001 292 4058 sis
319 3999 415 4056 labens
436 3997 568 4055 membris
596 3998 702 4055 nitidus
729 4006 756 4056 et
783 4000 916 4058 volubilis
940 4002 1054 4060 coluber
1110 4001 1185 4060 Hanc
1211 4019 1260 4074 per
1284 4008 1399 4074 angusta
1426 4000 1509 4074 hujus
1533 4000 1631 4058 mundi
1655 4000 1725 4057 irata
1738 3997 1862 4057 duodeni
1879 3998 1910 4054 in

252 4089 386 4149 tractibus
402 4087 460 4145 suis
472 4087 620 4162 vestigium
638 4087 750 4162 aliquod
765 4089 793 4145 in
814 4100 900 4163 petra,
922 4092 987 4164 quia
1011 4108 1055 4150 res
1109 4098 1219 4162 portum
1234 4089 1351 4162 remiges
1364 4088 1482 4159 ducunt,
1504 4088 1533 4145 id
1552 4097 1603 4158 est,
1617 4086 1763 4146 duodecim
1778 4086 1908 4160 apostoli,

253 4185 294 4236 est
308 4177 386 4249 dura,
404 4192 461 4234 non
475 4177 566 4235 iaciat.
586 4177 724 4235 Indicium
747 4176 820 4234 enim
841 4180 957 4236 monstri
971 4179 1055 4252 hujus
1109 4185 1135 4234 et
1149 4177 1250 4234 similis
1268 4194 1401 4235 numerus
1419 4176 1627 4251 prophetarum.

253 4285 309 4326 non
323 4267 377 4326 nisi
388 4266 467 4324 molli
479 4265 660 4340 impressione
674 4265 798 4340 signatur
812 4266 840 4323 in
850 4269 1055 4341 pulvere.Nunc
1145 4267 1190 4324 ll.
1204 4267 1270 4325 lude
1283 4267 1406 4326 Montani
1419 4275 1499 4325 antra
1516 4267 1618 4323 latratu
1633 4264 1695 4321 falsi
1719 4263 1852 4322 carminis
1867 4279 1909 4321 rc·

253 4373 317 4430 ergo
331 4357 475 4414 videamus
494 4355 557 4429 quis
575 4355 611 4412 sit
635 4355 687 4412 iste
708 4371 830 4429 serpens,
854 4364 901 4413 aut
924 4375 985 4433 qna
1008 4375 1053 4431 pe·
1108 4363 1217 4425 sonant,
1233 4357 1282 4431 qui
1300 4357 1408 4414 duabus
1427 4355 1539 4413 leminis
1562 4352 1754 4430 prophetissis,
1774 4353 1910 4411 Priscilla

253 4455 305 4516 tra,
323 4447 352 4502 in
367 4461 420 4518 qna
435 4444 569 4516 serpentis
583 4444 732 4517 vestigium
751 4461 807 4501 non
832 4455 953 4518 apparet.
977 4447 1054 4507 lianc
1108 4448 1306 4517 etllaximilae,
1325 4455 1463 4522 tanquam·
1477 4445 1595 4519 alicujus
1617 4446 1716 4519 Scylla
1730 4443 1836 4502 rabidis
1850 4460 1912 4503 suc·

254 4541 359 4607 petram
373 4531 525 4588 Dominum
548 4539 673 4589 nostrum
693 4549 751 4590 esse
767 4533 903 4606 ambigere
923 4551 978 4593 non
1002 4536 1056 4593 de-
1109 4539 1218 4596 einctus
1231 4545 1272 4595 est
1286 4537 1410 4596 mnibus.
1425 4539 1456 4594 ln
1470 4535 1523 4594 ista
1536 4551 1607 4592 naue
1620 4533 1751 4592 Ecclesia
1767 4551 1799 4591 ea
1813 4533 1912 4592 felici-

252 4625 360 4682 hemus.
375 4621 422 4680 Sic
435 4621 510 4678 enim
528 4623 678 4695 Apostolus
690 4622 749 4678 ait:
773 4647 782 4672 ι
806 4623 941 4683 Dibehant
961 4633 1053 4683 autem
1108 4639 1150 4686 ter
1172 4629 1353 4702 praeterimus.
1379 4628 1446 4685 Inde
1469 4628 1499 4684 in
1521 4625 1715 4683 Photiuianam
1737 4622 1910 4697 Charybdim

254 4711 288 4784 de
301 4709 420 4784 spiritali
435 4708 560 4784 sequenti
576 4718 662 4782 petra,
679 4718 757 4781 petra
778 4719 869 4768 autem
887 4722 946 4771 erat
967 4715 1055 4773 Chri·
1108 4733 1164 4775 non
1179 4717 1338 4774 incidimus.
1348 4715 1415 4772 lnde
1427 4717 1506 4772 nullo
1522 4712 1642 4771 modain
1653 4710 1910 4780 illndbarathrnm,

254 4809 313 4856 stus
323 4801 353 4872 (l
366 4799 431 4856 Cor.
447 4813 476 4868 x,
491 4797 541 4870 le);
557 4824 567 4848 ι
588 4805 615 4854 et
629 4797 878 4872 psalmographus:
903 4804 953 4858 «in
966 4811 1052 4875 petra,
1109 4805 1187 4879 quasi
1200 4804 1308 4862 Dathan
1323 4812 1350 4860 et
1361 4803 1480 4875 Abiron,
1491 4803 1520 4861 id
1531 4810 1583 4872 est,
1594 4799 1799 4876 inprolundum
1810 4799 1911 4857 mortis

254 4903 355 4977 inquit,
375 4901 503 4959 exaltasti
523 4917 566 4958 me
583 4903 670 4972 (Paul.
687 4919 732 4974 xx,
751 4903 800 4976 3);
817 4929 827 4952 ι
846 4897 921 4956 453
937 4908 964 4956 et
978 4901 1054 4974 bloy-
1110 4895 1214 4952 Ursacii
1235 4902 1262 4952 et
1285 4893 1411 4952 Valentis
1440 4910 1496 4952 non
1520 4891 1698 4950 incurrimus.
1721 4888 1788 4946 inde
1808 4888 1909 4946 Arium

254 4993 339 5051 sesin
352 4993 461 5050 cantico
486 4991 713 5050 Deuteronomii:
744 4990 899 5049 ‹Lactavit
927 5005 974 5046 eos
1000 4988 1054 5045 mel
1108 4982 1313 5056 archipiratam,
1338 4982 1387 5057 qui
1408 4998 1459 5039 nos
1484 4997 1532 5055 per
1553 4996 1628 5038 mare
1650 4979 1744 5036 seculi
1766 4978 1911 5036 adinstar

254 5099 290 5141 ex
313 5087 401 5156 petra,
420 5090 447 5140 et
461 5083 552 5140 oleum
575 5081 610 5138 de
626 5078 714 5139 solida
737 5089 813 5154 petra
844 5080 931 5153 (Dect.
960 5093 1053 5147 xxxrr,
1108 5071 1258 5129 Pharaonis
1277 5071 1443 5146 insequitur,
1463 5086 1519 5128 non
1538 5067 1781 5138 timemus;·illam
1796 5067 1909 5123 stellam

254 5173 312 5247 lt),
327 5195 338 5222 ι
359 5170 454 5242 idest,
470 5170 543 5245 qnod
558 5169 668 5228 dulcem
682 5171 797 5230 daturus
819 5167 854 5226 iis
877 5176 948 5226 esset
963 5168 1054 5224 Dran·
1108 5171 1249 5221 servantes
1258 5164 1287 5219 in
1298 5163 1376 5232 coelo,
1387 5178 1448 5237 qne
1457 5162 1551 5236 liugos
1563 5160 1695 5235 perduxit
1706 5157 1742 5216 ad
1752 5156 1908 5224 Christum,

292 5359 547 5436 (lithomeris,
573 5359 637 5428 Quo
665 5358 730 5440 quio
750 5357 861 5440 etipsa
882 5355 969 5428 imago
997 5363 1055 5412 erat
1108 5355 1247 5436 quirum„
1399 5425 1406 5437 ι
1635 5422 1641 5434 Ι

254 5433 375 5507 ⁶⁰”¹'⁰”'⁸
391 5431 510 5560 ·⁶'''lu⁸‘’
525 5436 649 5558 ‘'elll
666 5435 817 5556 ittet
830 5434 1055 5559 ‘iliilldih
1106 5418 1908 5566 thiestes?.tl¹.t·.⁸⁰0.¹ttstltatl⁰.ltlrlf:

253 5505 472 5632 33&ssanae
485 5520 551 5631 gyge).
566 5579 595 5629 at
614 5587 648 5628 ue
663 5517 726 5628 {lia
743 5569 809 5628 edit.
826 5571 856 5627 in
871 5569 963 5628 verbis
976 5568 1053 5627 dille·
1106 5575 1219 5642 apparet
1231 5568 1302 5640 qood
1313 5513 1353 5629 1gant
1363 5541 1503 5630 diobo’lua:
1513 5567 1570 5640 qui,
1585 5575 1637 5626 etc.

254 5653 331 5716 runt,
347 5645 394 5704 sed
407 5645 501 5719 potius
514 5644 545 5702 in
563 5659 613 5702 uer
633 5659 712 5702 orum
733 5641 840 5714 ordino,
865 5657 946 5718 quam
965 5649 992 5701 at
1012 5656 1052 5702 sa·
1121 5721 1124 5728 Ι
