4052 6192
112 360 166 417 tta
555 354 785 412 nunnuunuul
804 352 992 412 expositio
1010 354 1047 412 ΙΝ
1066 352 1319 412 APOCALYPSIN.
1710 355 1761 411 de

112 486 177 543 lesu
195 481 312 551 Christi,
334 496 505 554 quaecunque
527 479 609 550 vidit,
636 497 698 538 cum
719 480 777 554 ipse
794 480 867 538 dicat
887 481 916 537 in
931 485 957 544 Α
971 486 1036 538 sunt
1050 487 1153 552 septem
1168 479 1305 548 Ecclesiae,
1322 478 1357 536 ad
1371 495 1438 553 quas
1452 479 1511 536 hec
1524 479 1626 551 scripta
1640 477 1763 551 dirigun-

113 573 209 632 eodem
224 571 390 644 Evangelio:
416 595 425 617 ι
442 571 530 628 llulta
541 569 653 644 quidem
663 569 915 643 etaliasignaiecit
969 577 1024 638 tur,
1041 569 1112 627 sicut
1126 577 1191 626 sunt
1204 577 1306 643 septem
1321 568 1493 636 candelabra,
1509 577 1611 639 septem
1625 569 1763 637 stellase·

113 663 193 720 lesus
208 662 237 718 in
259 667 409 732 conspectu
424 657 624 730 discipulorum
639 675 763 728 suorum,
783 675 844 732 que
860 675 914 716 non
968 667 1043 732 ptem
1058 657 1207 730 lampades,
1232 665 1334 731 septem
1349 673 1452 715 cornua
1466 659 1539 729 agni,
1559 666 1662 730 septem
1678 657 1763 726 oculi,

114 758 180 809 sunt
193 751 295 821 scripta
309 747 338 803 in
356 746 428 804 libro
443 745 497 804 hoc
512 747 602 818 (loeo.
618 764 667 816 xx,
682 747 773 818 uult»
795 746 847 804 Sed
864 755 914 804 tes·
969 754 1071 819 septem
1086 746 1188 819 sigilla,
1200 755 1303 819 septem
1315 747 1404 819 angeli
1419 747 1494 803 tubis
1508 752 1644 813 canentes,
1660 754 1763 818 septem

115 840 264 898 timonium
280 841 422 914 perhibuit
436 843 499 900 lesu
511 842 632 911 Christo,
649 857 819 916 quecunque
833 841 915 910 vidit,
970 833 1102 902 tonitrua,
1131 841 1233 907 septem
1262 833 1358 891 itidem
1384 833 1473 907 angeli
1497 834 1603 905 phialas
1621 833 1763 892 habentes.

116 928 292 1002 praedicando
307 930 437 988 videlicet
451 931 579 1006 gentibus
592 931 687 988 omnia
700 947 762 1004 quae
776 948 792 987 a
805 930 916 988 Christo
970 923 1038 980 Nam
1054 929 1082 980 et
1094 922 1176 980 draco
1189 923 1237 996 qui
1251 922 1402 992 diabolum,
1415 931 1441 980 et
1455 923 1543 980 bestia
1554 939 1614 996 que
1625 922 1765 980 Antichri-

115 1018 263 1089 didicerat,
289 1029 316 1078 et
339 1021 473 1078 miracula
496 1037 557 1095 quae
580 1020 689 1078 viderat
712 1020 858 1090 narrando,
886 1035 918 1078 ea
971 1019 1044 1069 sium
1057 1012 1318 1085 designat‚uterqus
1332 1020 1435 1084 septem
1448 1011 1538 1085 capita
1551 1011 1766 1070 babuissevisus

115 1108 311 1166 tantummodo
319 1109 443 1168 scribens
452 1125 513 1184 quae
523 1110 918 1183 posterisampliusprofutura
971 1109 1036 1159 est:
1059 1101 1188 1158 similiter
1202 1111 1229 1158 et
1242 1102 1340 1170 bestia,
1360 1119 1441 1175 super
1462 1119 1543 1175 quam
1559 1103 1659 1158 mulier
1673 1118 1766 1159 mere-

116 1212 176 1254 esse
192 1196 366 1270 praeviderat.
972 1191 1029 1248 trix
1041 1197 1115 1254 500
1130 1191 1232 1249 sedisse
1245 1191 1306 1249 visa
1316 1198 1375 1261 est;
1392 1201 1419 1248 et
1432 1191 1456 1248 si
1469 1192 1615 1265 diligenter
1629 1191 1766 1262 advertas,

155 1296 248 1368 (llere.
263 1297 304 1370 3.)
330 1297 408 1354 Booti
430 1298 477 1371 qui
493 1297 589 1371 legunt,
611 1297 823 1370 etqoioudiuat
838 1296 917 1353 verbo
972 1297 1046 1346 totus
1072 1288 1118 1345 hic
1142 1288 1211 1345 liber
1226 1287 1255 1344 in
1281 1295 1384 1361 septem
1406 1287 1529 1345 visiones
1551 1286 1698 1345 distinctus
1714 1296 1765 1344 est.

113 1386 262 1459 prophetias
277 1385 369 1457 bajus,
380 1393 404 1442 et
416 1393 524 1442 secant
536 1403 637 1457 mque
651 1386 680 1441 in
689 1403 719 1442 ea
733 1385 832 1458 scripta
845 1391 916 1442 eunt,
972 1376 1064 1434 Prima
1073 1385 1123 1446 est,
1135 1393 1196 1450 quas
1210 1384 1313 1450 septem
1327 1377 1456 1448 epistolas
1466 1376 1500 1433 ad
1513 1383 1617 1448 septem
1631 1375 1767 1433 Ecclesiae

116 1475 186 1532 Tres
198 1477 302 1550 species
316 1476 498 1534 beatitudinis
507 1476 609 1550 posuit,
619 1475 667 1533 sed
681 1475 742 1533 duae
756 1475 827 1532 nibil
842 1484 916 1544 sunt,
972 1465 1122 1524 destinatas
1136 1465 1269 1534 continet,
1289 1473 1316 1522 st
1328 1473 1426 1522 caetera
1441 1481 1501 1538 quaa
1515 1464 1555 1520 ibi
1570 1464 1765 1522 eontinentur:

117 1565 142 1622 si
158 1565 240 1623 tertia
254 1565 391 1634 deluerit;
409 1583 472 1623 nam
488 1565 561 1622 nibil
575 1565 686 1640 prolicit
709 1565 810 1638 eisqui
825 1564 920 1637 legunt
972 1554 1093 1614 secunde
1112 1561 1163 1624 cst,
1188 1555 1217 1611 in
1238 1570 1293 1627 qua
1315 1553 1406 1610 sedem
1429 1553 1459 1610 in
1483 1553 1570 1627 ligura
1592 1553 1723 1611 Ecclesia
1737 1552 1767 1610 in

116 1663 167 1712 aut
180 1653 300 1712 audiunt
313 1655 546 1726 manutenete
560 1671 616 1712 uon
631 1662 742 1712 serrant
755 1670 796 1724 ea,
808 1669 868 1728 quae
882 1654 920 1710 le·
973 1644 1044 1702 coelo
1075 1643 1192 1717 positam
1224 1641 1306 1711 vidit,
1340 1651 1368 1700 et
1393 1659 1476 1716 supra
1505 1643 1597 1700 sedem
1626 1641 1768 1700 Christum

117 1752 189 1818 gunt
203 1744 249 1801 vel
263 1745 381 1802 audiunt
407 1744 488 1803 llnlti
502 1760 620 1820 namque
634 1751 710 1813 suut,
725 1743 773 1817 qui
791 1742 920 1800 mandata
973 1735 1136 1794 sedentem:
1162 1734 1192 1790 in
1215 1733 1297 1791 tertia
1319 1734 1415 1806 Agnus
1429 1735 1533 1791 librum
1556 1741 1583 1790 et
1601 1735 1692 1808 sigilla
1710 1735 1769 1808 ejus

118 1833 170 1891 Dei
193 1833 312 1891 andiunt
332 1841 381 1891 aut
405 1834 510 1907 legunt,
535 1833 583 1892 sed
600 1833 673 1890 nihil
688 1849 733 1890 eos
747 1831 835 1905 juvat,
858 1832 958 1910 quiaB
975 1824 1101 1898 aperuit:
1119 1825 1147 1880 in
1162 1831 1259 1897 quarta
1272 1829 1376 1895 septem
1391 1821 1482 1896 angeli
1497 1830 1563 1879 sunt
1573 1823 1627 1880 visi
1640 1822 1716 1881 tubis
1726 1839 1768 1881 ca·

118 1938 186 1980 cum
201 1939 318 1996 corpore
339 1931 486 1996 presentes
500 1923 565 1992 sint,
592 1931 682 1980 mente
695 1929 760 1979 sunt
775 1921 918 1991 absenoes3
975 1923 1093 1971 nentes:
1112 1911 1142 1969 in
1165 1911 1263 1985 quinta
1284 1920 1387 1986 septem
1410 1911 1513 1969 iterum
1535 1912 1624 1985 angeli
1638 1911 1692 1970 visi
1706 1921 1771 1970 sunt

119 2020 169 2070 aut
181 2013 256 2068 enim
277 2012 306 2069 in
321 2013 497 2086 acquirendis
520 2013 603 2070 rebus
621 2029 699 2070 mens
716 2027 810 2068 eorum
827 2010 921 2068 dedita
975 2002 1082 2077 phialas
1096 2001 1229 2059 babentes
1245 2019 1251 2057 :
1268 2001 1297 2058 in
1312 2009 1391 2058 sexta
1406 2001 1570 2058 resurrectio
1584 2001 1768 2060 describitur:

119 2109 173 2170 est,
184 2108 233 2158 aut
241 2101 358 2160 libidine
368 2104 534 2176 exagitatur,
549 2102 763 2176 autproximum
774 2099 918 2173 dijudicat,
976 2091 1005 2148 in
1019 2091 1136 2163 septima
1150 2091 1237 2164 gloria
1250 2097 1408 2148 sanctorum
1424 2091 1454 2146 in
1468 2090 1556 2164 ligura
1564 2091 1686 2150 civitatis
1695 2093 1771 2150 Jeru-

119 2197 172 2247 aut
184 2198 282 2247 eontra
296 2193 439 2264 praelatum
448 2192 590 2266 superbit,
614 2201 662 2248 aut
682 2191 764 2264 lingit
776 2207 805 2248 se
819 2197 921 2264 poten-
975 2179 1059 2238 salem
1075 2179 1108 2238 de
1123 2181 1192 2238 eoelo
1206 2179 1397 2238 descendentis
1408 2177 1623 2238 demonstratur.

120 2285 177 2335 tem
192 2278 328 2348 loturum,
341 2290 389 2337 aut
398 2281 506 2339 caeteris
519 2280 679 2338 vanissimis
693 2279 775 2337 rebus
789 2277 921 2336 distendi·
1012 2287 1104 2361 (uem,
1115 2287 1156 2362 5,)
1171 2287 1212 2361 (2)
1229 2287 1325 2345 omega
1336 2288 1409 2345 „gagg
1419 2295 1443 2343 gg
1453 2305 1511 2360 pax
1522 2287 1555 2344 ag
1569 2303 1609 2358 ρο,
1619 2289 1665 2362 qm·
1676 2295 1773 2358 „agg

122 2377 179 2427 tur.
195 2366 288 2426 Potest
309 2367 411 2426 talibus
433 2370 592 2436 convenire,
618 2368 692 2442 quod
709 2369 749 2425 ait
764 2366 920 2442 propheta:
976 2377 1023 2450 qua·
1044 2383 1090 2446 est,
1114 2383 1139 2432 aa
1151 2376 1198 2448 qua·
1216 2383 1343 2434 venturae
1365 2383 1412 2447 ast,
1435 2383 1460 2434 et
1472 2393 1490 2432 o
1504 2383 1598 2449 septem
1624 2377 1771 2450 spiritibus,

129 2458 233 2512 «ΑΜΒ
247 2455 376 2526 addictio,
389 2465 416 2514 ei
431 2473 486 2514 non
502 2457 679 2531 intelligetis3
698 2463 726 2512 Ei
739 2456 865 2513 Vidflssies
878 2455 921 2511 Vi·
976 2466 1023 2538 qui
1037 2466 1064 2521 ξπ
1078 2473 1213 2538 conspectu
1234 2466 1323 2522 throni
1336 2465 1391 2536 ἠως
1406 2473 1478 2532 gum,
1497 2471 1521 2521 gt
1540 2484 1557 2523 a
1578 2467 1639 2522 Jgggg
1655 2467 1770 2534 Christo,

121 2546 236 2617 debitis,
261 2555 289 2604 et
303 2563 359 2604 non
376 2547 547 2622 perspicietis
564 2549 631 2620 (lea.
648 2564 688 2616 vr,
703 2547 744 2619 9).
758 2573 768 2596 ι
789 2545 922 2604 Nonnulli
977 2552 1023 2625 qui
1037 2561 1074 2610 est
1088 2554 1159 2610 testis
1173 2554 1267 2627 fidelis.
1284 2553 1335 2610 llic
1347 2561 1404 2611 tota
1418 2553 1538 2610 Trinitas
1553 2552 1769 2620 demonstratum

122 2638 337 2710 verosunt,qui
352 2636 462 2694 divinas
476 2636 632 2708 Scripturas
645 2637 741 2709 legunt
755 2644 782 2692 et
794 2636 922 2704 audiunt,
977 2658 1026 2715 per
1053 2658 1115 2698 enm
1145 2659 1263 2715 namque
1293 2641 1340 2716 qui
1367 2647 1434 2709 erat,
1463 2650 1490 2699 st
1515 2639 1563 2714 qui
1588 2647 1639 2710 est,
1668 2649 1695 2697 et
1722 2638 1770 2712 qui

124 2724 226 2794 idest,
244 2725 414 2782 1¹10¹J¹0¹¹¹³d
433 2741 527 2783 ‘arum
546 2725 757 2799 intendendam
772 2740 924 2782 tsswfflmo·
978 2741 1111 2789 venturus
1125 2738 1177 2800 est,
1201 2732 1282 2788 Pater
1296 2731 1464 2804 designatur.
1489 2733 1556 2786 Erat
1571 2745 1689 2804 namque
1710 2737 1773 2785 ante

125 2813 213 2882 dant;
240 2813 287 2870 sed
302 2813 365 2871 ideo
387 2812 498 2871 divinas
517 2815 673 2888 Scripturas
695 2814 816 2884 discunt,
832 2821 863 2872 ut
877 2831 925 2871 sa-
962 2811 1205 2878 'consumatorem
1216 2819 1313 2876 mundi
1323 2819 1383 2876 sine
1392 2819 1451 2877 nilo
1461 2819 1557 2888 initio;
1570 2827 1609 2876 est
1620 2819 1702 2876 modo
1712 2827 1774 2892 post

128 2904 237 2977 pientes
251 2910 278 2960 et
301 2904 402 2977 egregii
424 2903 497 2977 apud
521 2903 647 2960 homines
671 2903 832 2973 habeantur,
854 2911 881 2960 et
895 2905 925 2960 in
979 2910 1204 2968 constitutionem
1229 2909 1337 2979 mundi,
1359 2926 1455 2983 regens
1476 2910 1571 2966 omnia
1591 2926 1651 2983 que
1670 2908 1774 2966 creavit

127 2993 227 3050 sesami
241 2994 450 3068 prosperitatem
465 2994 591 3062 floreant,
611 3010 666 3050 non
681 3001 712 3050 nt
725 2994 811 3050 vitam
826 3010 926 3066 repro-
942 3051 949 3070 ,
980 3007 1008 3056 et
1022 2999 1194 3073 gubernans;
1216 3007 1350 3056 venturos
1363 3007 1405 3057 est
1418 3007 1480 3072 post
1494 2999 1578 3055 linem
1599 2996 1696 3053 mundi
1711 3013 1774 3054 cum

126 3080 193 3138 bam
209 3083 358 3157 corrigant.
369 3082 424 3142 Sed
435 3083 507 3141 beati
520 3099 576 3140 non
591 3090 666 3152 sunt,
679 3082 745 3156 quia
756 3081 925 3156 Scripturam
980 3089 1052 3146 Filio
1070 3096 1097 3146 el
1112 3089 1216 3162 Spiritu
1231 3097 1335 3158 sancto,
1360 3096 1391 3146 ut
1414 3097 1507 3162 regnet
1522 3105 1584 3145 cum
1599 3087 1701 3145 sanctis
1717 3085 1775 3144 suis

126 3171 254 3230 divinam
276 3189 331 3230 110ss
346 3190 397 3246 pro
410 3189 503 3230 amore
516 3173 577 3239 Dei,
598 3173 646 3230 sed
661 3188 710 3245 pro
724 3188 817 3228 amore
832 3172 925 3230 saeculi
944 3177 1009 3268 cin
1033 3178 1133 3235 secula
1152 3177 1325 3234 seculorum.
1351 3177 1403 3233 Per
1421 3186 1524 3250 septem
1547 3186 1638 3234 autem
1662 3173 1776 3248 spiritus

130 3259 301 3319 didicerunt.
323 3263 363 3319 De
379 3261 479 3319 talibus
493 3261 562 3320 dicit
576 3261 730 3336 propheta:
764 3261 927 3334 «Sapientes
980 3263 1774 3339 sanctusSpiritus,eoquodsitseptiformis,intelligitur.

126 3358 161 3406 ut
189 3350 294 3409 iaciant
321 3351 403 3420 mala,
436 3351 505 3408 bene
535 3359 626 3408 autem
655 3352 744 3408 iacere
771 3351 927 3409 nescierunt
980 3357 1017 3412 Et
1030 3355 1063 3410 ob
1076 3356 1138 3412 lesu
1154 3355 1270 3422 cbristo,
1287 3354 1333 3425 qui
1349 3361 1386 3409 est
1405 3353 1474 3409 testis
1494 3351 1591 3426 fidelis.
1609 3352 1658 3409 llle
1672 3351 1774 3409 veraci·

129 3440 240 3514 (leram.
252 3458 291 3511 iv,
305 3440 385 3513 iil.»
405 3441 441 3496 Et
455 3439 590 3498 Dominus
603 3440 633 3497 in
648 3440 798 3513 Evangelio
808 3441 837 3496 iu
852 3457 927 3514 para·
981 3453 1023 3504 ter
1041 3443 1118 3501 testis
1132 3443 1222 3501 tidelis
1240 3443 1296 3500 dici
1310 3449 1408 3516 potest,
1424 3442 1471 3515 qui
1482 3441 1571 3499 nescit
1580 3439 1710 3499 mentiri:
1726 3442 1776 3513 qui

127 3529 194 3588 bola
207 3529 370 3587 seminantis
382 3529 506 3603 loquitur
517 3572 526 3600 ,
539 3530 651 3588 dicens:
675 3555 684 3578 ι
698 3529 777 3598 Quod
790 3540 881 3588 autem
898 3531 927 3587 in
981 3534 1054 3608 qood
1068 3535 1163 3592 electis
1173 3533 1232 3589 suis
1245 3530 1460 3590 misericorditer
1475 3530 1631 3606 repromisit
1653 3530 1713 3588 sine
1727 3529 1775 3586 du-

127 3619 221 3693 spinis
235 3618 346 3686 cecidit,
375 3619 395 3676 ii
409 3629 474 3678 sunt
489 3619 537 3693 qui
550 3619 708 3690 audieruut,
726 3627 754 3676 et
766 3635 781 3675 a
795 3619 928 3678 sollicitu-
981 3623 1028 3681 bio
1039 3623 1181 3696 implebit:
1193 3622 1241 3696 qui
1254 3637 1389 3691 neceum,
1400 3620 1448 3694 qui
1460 3621 1574 3678 calicem
1584 3635 1660 3694 aquae
1670 3619 1777 3692 frigidae

130 3709 248 3768 dinibus
262 3715 289 3764 02
303 3707 492 3781 voluptatibus
512 3708 576 3765 iil&
591 3715 687 3766 ⁰¹1¹le
701 3709 881 3775 sufficimur,
901 3716 929 3765 st
982 3713 1073 3787 egenti
1105 3713 1223 3782 dederit,
1258 3728 1274 3768 a
1304 3711 1428 3769 mercede
1459 3725 1577 3766 vacuum
1610 3707 1778 3782 derelinquit

132 3816 192 3858 non
205 3799 330 3856 referunt
344 3798 465 3856 lructum
481 3799 557 3870 (Lae.
573 3815 633 3868 vnr,
650 3798 728 3872 llil.»
745 3798 790 3856 Illi
800 3814 865 3872 ergo
876 3798 928 3855 soli
982 3803 1089 3877 (Mettis.
1105 3819 1136 3871 x,
1151 3801 1197 3874 tt)
1215 3819 1221 3857 :
1247 3801 1327 3874 cujus
1341 3800 1424 3857 verba
1438 3799 1475 3856 ita
1490 3799 1546 3855 lixa
1560 3806 1732 3872 permanent,
1747 3803 1778 3852 ut

130 3889 206 3948 beati
217 3895 293 3957 sunt,
305 3887 353 3962 qui
369 3887 431 3945 ideo
445 3886 574 3944 mandata
585 3887 633 3944 Dei
644 3886 757 3944 student
768 3886 882 3956 discere,
898 3894 929 3944 ut
982 3891 1091 3948 facilius
1101 3891 1137 3948 sit
1149 3891 1248 3947 cmlum
1261 3897 1289 3947 et
1298 3897 1398 3946 terram
1410 3888 1439 3944 in
1448 3888 1569 3944 nihilum
1582 3885 1679 3957 redigi,
1695 3899 1777 3959 quam

130 3979 259 4049 audiant,
275 3977 303 4036 id
317 3987 368 4048 est,
383 3978 412 4034 in
427 3984 518 4034 mente
532 3977 700 4034 recondant:
721 3977 784 4034 ideo
798 3978 827 4034 in
839 3983 930 4034 mente
982 3980 1088 4054 aliquid
1100 3978 1241 4035 immutari
1255 3995 1290 4034 er
1303 3977 1433 4035 omnibus
1447 3991 1508 4049 quae
1526 3991 1554 4032 se
1569 3975 1706 4058 iacturum
1720 3987 1778 4029 esse

132 4067 300 4136 recondunt,
319 4073 351 4124 ut
363 4081 444 4139 opere
459 4067 612 4139 impleant:
629 4065 691 4122 ideo
706 4081 787 4138 opere
801 4065 930 4138 implent,
984 4069 1123 4144 predixit.
1143 4067 1337 4140 Primogeaitus
1357 4074 1533 4133 mortuorum,
1555 4069 1580 4119 et
1593 4061 1717 4135 princeps
1730 4075 1778 4114 re-

130 4165 163 4214 ut
195 4164 325 4214 aeternam
353 4155 552 4214 beatitudinem
578 4163 786 4230 assequantur:
820 4157 930 4227 Tempus
982 4175 1044 4231 gam
1059 4164 1145 4214 terrm
1173 4155 1317 4225 Quomodo
1340 4154 1467 4214 Christus
1487 4149 1685 4225 primogenitus
1699 4161 1778 4202 mor-

130 4249 203 4305 euim
215 4265 300 4320 prope
313 4253 359 4303 est.
384 4246 504 4320 Tempus
527 4246 658 4304 videlicet
676 4245 799 4318 iudicii:
824 4263 888 4304 nam
906 4245 930 4303 si
986 4257 1096 4307 tuorum
1109 4248 1222 4317 dicitur,
1243 4263 1305 4304 cnm
1328 4245 1426 4319 ipsein
1445 4243 1500 4300 line
1515 4247 1668 4312 temporum
1683 4237 1720 4294 sit
1730 4251 1778 4292 ua·

131 4345 245 4410 tempus
267 4336 301 4393 ab
324 4334 572 4392 adventulicmini
586 4333 720 4408 usquead
734 4333 817 4391 iirlcm
832 4333 930 4391 muudi
984 4345 1039 4407 tus,
1054 4336 1258 4410 adventumque
1271 4334 1331 4408 ejus
1340 4329 1551 4389 innumerabilis
1566 4324 1716 4384 multitudo
1730 4323 1779 4381 ho·

130 4433 198 4483 ante
211 4423 306 4481 oculos
319 4440 416 4496 ponas,
432 4425 545 4496 longum
561 4423 702 4490 invenies;
717 4421 763 4478 sed
780 4421 808 4478 in
822 4437 930 4494 compa·
985 4427 1091 4484 minum
1115 4424 1306 4498 precesserit?
1330 4420 1383 4478 Sed
1406 4417 1605 4493 primogenitus
1625 4430 1675 4489 pro
1689 4413 1779 4487 primo

131 4515 242 4574 ratione
255 4514 378 4588 priorum
393 4523 558 4587 temporum,
569 4513 652 4570 breve
666 4519 717 4568 est.
985 4516 1097 4589 ponitur
1112 4515 1165 4588 (3),
1189 4513 1263 4570 sicut
1285 4512 1388 4585 primos
1409 4510 1438 4564 in
1454 4506 1555 4581 populo
1571 4521 1617 4562 eos
1637 4519 1778 4571 sommus,

17 4665 19 4682 ,
171 4614 265 4686 (Vera.
285 4611 326 4686 la.)
344 4612 459 4668 loannes
481 4617 577 4684 septem
601 4609 727 4668 demtis
749 4625 808 4681 quoa
829 4615 890 4665 suat
905 4609 935 4666 ie
987 4605 1035 4679 qui
1049 4620 1104 4661 non
1117 4610 1206 4673 etate,
1221 4601 1268 4658 sed
1283 4600 1387 4658 honore
1410 4606 1437 4656 et
1457 4595 1591 4669 dignitate
1609 4601 1779 4651 caeterosan·

18 4747 19 4754 ,
130 4702 215 4760 aaa.
232 4702 327 4759 Gratia
347 4701 419 4758 vobis
438 4708 461 4757 st
472 4718 530 4774 poc
543 4700 577 4756 ob
590 4716 630 4769 eo,
644 4699 750 4771 quirat,
763 4697 810 4769 qui
827 4705 894 4767 eret,
908 4706 933 4755 et
984 4695 1127 4752 tecellunt.
1152 4692 1254 4750 llortui
1269 4700 1360 4750 antem
1376 4688 1428 4762 ipsi
1443 4693 1517 4755 sunt,
1537 4685 1571 4742 de
1585 4684 1687 4757 quibus
1701 4684 1782 4756 Apo·

19 4833 22 4866 ,
130 4792 181 4865 qui
195 4795 382 4848 vertunuest.
398 4791 566 4862 Perseptem
579 4789 725 4858 Ecclesiae,
741 4804 796 4845 una
810 4786 933 4846 Ecclesia
985 4784 1073 4840 stolus
1087 4782 1221 4856 loquitur,
1237 4779 1350 4838 dicens:
1372 4775 1494 4836 «llortui
1507 4774 1582 4832 enim
1596 4773 1711 4842 estis,et
1724 4771 1782 4828 vita

20 4921 22 4958 ;
130 4879 274 4939 catholica
288 4878 463 4952 designatur:
478 4885 705 4952 propterseptem
718 4876 933 4936 videlicetdona
985 4879 1078 4929 vestra
1093 4870 1254 4928 abscondita
1268 4877 1386 4926 estcom
1401 4865 1513 4925 Christo
1531 4863 1561 4920 in
1583 4864 1641 4920 Deo
1663 4861 1780 4934 (Colore.

131 4969 258 5044 Spiritus
269 4969 369 5040 sancti,
382 4968 483 5043 quibus
498 4968 634 5026 illustrata
647 4967 675 5024 in
689 4967 792 5024 mundo
805 4967 930 5040 refulget.
987 4981 1029 5033 111,
1046 4963 1116 5035 3).·
1146 4959 1348 5033 Primogenitus
1368 4973 1432 5031 ergo
1456 4963 1630 5014 mortuorum
1655 4953 1782 5012 Christus

131 5059 203 5118 Asia
228 5059 300 5116 elata
318 5059 533 5132 interpretatum
562 5059 627 5131 quia
647 5055 721 5113 inter
743 5058 829 5114 elatos
849 5055 932 5130 hujus
985 5062 1038 5123 est,
1049 5051 1114 5128 quia
1124 5051 1182 5125 ipse
1191 5057 1232 5108 est
1243 5049 1359 5123 primus,
1368 5057 1395 5106 et
1404 5054 1487 5120 caput
1496 5045 1621 5102 omnium
1632 5043 1782 5100 electorum

131 5148 231 5206 wouli
247 5147 374 5206 Christus
393 5145 603 5205 multitudinem
618 5144 741 5202 fidelium
757 5143 875 5212 invenit,
896 5161 932 5202 ex
986 5161 1100 5204 snorum
1118 5163 1124 5202 :
1148 5145 1275 5216 Princeps
1288 5158 1379 5214 regum
1394 5147 1480 5196 terrae
1505 5141 1564 5197 Rex
1577 5155 1593 5195 a
1608 5134 1726 5209 regendo
1741 5133 1781 5190 di·

131 5237 239 5313 quibus
254 5237 407 5296 Ecclesiam
419 5254 497 5296 suam
507 5235 662 5294 fabricavit.
676 5235 713 5292 Et
723 5233 858 5308 perpende
868 5233 933 5307 quis
985 5235 1071 5303 citur;
1098 5249 1145 5308 per
1168 5249 1244 5306 reges
1266 5246 1330 5304 ergo
1348 5228 1464 5304 apostoli
1479 5235 1507 5286 ct
1521 5225 1612 5285 caleri
1635 5223 1723 5280 uncti
1736 5220 1781 5278 de·

24 5367 28 5390 t
131 5333 213 5384 totus
227 5326 274 5384 hic
289 5327 360 5384 liber
373 5327 403 5385 in
416 5326 570 5401 septenario
584 5339 699 5382 numero
713 5321 849 5391 consistit,
860 5321 933 5380 sicut
986 5323 1140 5398 signantur,
1157 5320 1206 5395 qui
1223 5327 1251 5378 et
1271 5319 1432 5394 semetipsos
1446 5326 1473 5376 et
1493 5315 1562 5373 alios
1585 5327 1677 5385 regere
1691 5325 1782 5367 nove-

173 5481 217 5566 (Ξ)
235 5479 314 5541 Rom.
330 5479 398 5541 edit.
414 5477 481 5540 binc
494 5484 676 5555 exponeret,
694 5477 789 5535 Gratia
802 5476 875 5533 volu
878 5519 932 5534 .....
986 5472 1069 5532 iidem
1084 5491 1149 5532 nass.
1166 5482 1194 5531 et
1207 5471 1274 5531 edit.
1291 5471 1356 5530 Gill.
1372 5471 1561 5528 restituentur.

27 5549 28 5552 ’
133 5559 390 5627 qurceuturusest:
413 5553 488 5628 quod
506 5567 605 5610 noser
627 5567 692 5607 mss.
710 5565 741 5606 ac
759 5548 825 5605 Gill.
849 5547 934 5604 resti-
1023 5545 1065 5618 (3)
1084 5544 1126 5602 lta
1138 5535 1221 5612 luss.;
1237 5543 1344 5602 atedit.
1360 5539 1545 5599 econtrario:
1562 5525 1771 5606 &detrimenti

135 5626 254 5683 tuimus.
279 5627 349 5684 Cum
364 5633 456 5683 autem
475 5640 531 5681 non
553 5623 740 5696 infrequenter
761 5618 863 5676 similia
879 5618 934 5676 sihi
988 5621 1030 5673 tos
1041 5616 1152 5690 propria
1164 5621 1329 5674 mutuorum
1341 5613 1462 5685 ponitur.

136 5697 295 5770 permiserit
309 5697 338 5755 in
352 5697 469 5756 testibus
483 5695 642 5768 Scriptura,
665 5691 760 5752 eadem
775 5707 791 5750 a
805 5689 886 5748 nobis
898 5688 933 5748 ad
