4078 6186
248 317 301 380 its

769 319 815 376 stt
835 315 952 376 OPERA
971 313 999 374 S.
1013 313 1179 374 AMBROSll
1198 312 1388 374 APPENDIX.

1846 312 1901 372 itt

249 465 327 522 agere
341 465 433 506 secum
448 447 592 504 dominum
606 464 696 516 suum,
712 446 752 502 itt
767 454 793 501 ot
808 445 867 518 ipse
879 443 1045 517 ageredeltet
1060 449 1086 508 Α
1101 441 1275 500 tenebrarum
1291 441 1321 499 iu
1332 455 1494 514 perversum
1516 437 1690 511 intelligendi
1707 446 1776 496 sunt
1795 439 1901 512 gither-

249 555 314 599 eutn
328 554 418 609 servo,
434 544 461 593 ιι
471 537 511 594 ιιι
525 535 628 612 poterit
642 537 747 609 placere
759 536 826 591 Deo.

285 655 377 729 (Vers.
392 654 420 722 6,
438 654 465 721 7,
480 653 520 726 8.)
535 654 616 711 «Non
629 650 784 708 adooolnm
795 649 957 720 servientes,
967 652 1045 725 quasi

249 743 409 804 hominibus
422 744 578 817 placentes,
594 741 641 798 sed
655 748 686 797 ιι
695 740 769 798 servi
784 739 898 808 Christi,
913 741 1047 798 facientes

248 833 419 892 voluntatem
429 835 478 892 Ilei
487 849 519 890 ex
528 833 632 899 animo,
644 830 886 902 cumbenignitate
896 830 1046 890 servientes

248 926 320 984 sieut
330 925 458 992 Domino,
474 932 502 992 et
516 939 572 980 nou
587 929 619 979 ut
638 921 816 990 hominibus3
840 923 958 980 scientes
973 922 1046 995 quod

247 1018 436 1092 uuusquisque
451 1015 634 1090 quodcunque
646 1014 741 1072 lecerit
755 1013 859 1071 honum
874 1056 883 1082 ,
906 1013 959 1072 ιιι
974 1029 1046 1069 oon-

247 1114 379 1180 sequetur
392 1122 408 1163 a
420 1105 552 1174 Domino,
565 1105 738 1174 siveservus,
749 1102 915 1159 siveliher.·
931 1101 1046 1174 Propior

246 1197 375 1255 timorem
391 1196 441 1253 Dei
453 1194 529 1266 justa
538 1193 666 1251 stiidelia
675 1194 738 1249 vult
747 1190 908 1248 hominibus
918 1190 1046 1248 exhiberi

247 1287 371 1354 servitiis
388 1286 445 1341 Deo
459 1284 534 1341 enim
548 1284 644 1352 servit,
653 1281 802 1356 uniusjura
811 1279 989 1354 inobseqniis
998 1281 1046 1336 do·

249 1373 319 1432 mini
331 1373 588 1442 carnaliseustodit,
597 1389 680 1446 quem
693 1371 747 1428 sibi
758 1388 806 1444 pro
812 1371 895 1443 justis
902 1369 1045 1428 actibusin

246 1463 292 1521 die
305 1462 405 1534 judieii
419 1463 509 1519 vicem
523 1461 648 1530 reddere,
663 1468 691 1518 ιι
703 1461 810 1518 ceteris
824 1459 953 1517 omnibus
968 1458 1046 1516 audit

247 1553 430 1622 testationes
450 1569 493 1611 res
515 1559 606 1626 potest
628 1551 761 1625 prolicere
782 1551 863 1608 etiam
879 1549 1045 1606 adsalutem

247 1643 441 1710 dominorum;
459 1641 587 1699 videntes
602 1642 690 1710 enim,
715 1639 798 1714 quod
804 1639 919 1696 difficile
936 1647 978 1697 est
990 1655 1045 1698 ser·

247 1749 297 1789 vos
310 1747 359 1805 psr
371 1731 423 1788 Dei
440 1729 554 1803 gratiam
568 1728 656 1787 iactos
670 1729 766 1788 fideles
780 1727 932 1799 ministros,
948 1736 1045 1801 potue·

247 1830 314 1880 runt
327 1821 378 1880 llei
390 1820 506 1894 gloriam
518 1819 686 1879 collaudare.

285 1935 377 2009 (Vens.
392 1933 433 2009 9.)
451 1961 460 1984 ι
475 1935 511 1994 Et
522 1951 582 2006 vos,
596 1933 714 2004 domini,
727 1933 821 1992 eadem
834 1933 916 1992 facite
925 1931 960 1990 ad
970 1933 1046 2001 illos,

248 2025 418 2083 remittentes
430 2020 535 2082 minas:
553 2023 671 2080 scientes
692 2023 766 2097 qnod
782 2029 809 2079 et
831 2030 923 2081 vester
944 2029 971 2080 et
986 2023 1047 2079 illo·

248 2131 309 2172 rum
328 2113 464 2171 Dominus
477 2121 518 2170 est
532 2112 561 2168 in
576 2112 663 2182 coelis,
679 2119 706 2168 ιι
730 2127 909 2185 personarum
924 2128 982 2169 non
1007 2119 1048 2169 est

248 2203 369 2278 acceptio
383 2203 456 2276 apud
470 2217 563 2260 eum·
579 2201 640 2260 Nou
651 2200 808 2276 ignorantes
816 2203 914 2277 utique
926 2201 1047 2260 carnales

248 2294 356 2352 domini
370 2295 458 2352 Deum
473 2293 599 2352 omnium
619 2290 764 2351 dominum
787 2309 845 2353 esse
859 2308 1046 2364 communem,

248 2383 315 2442 talia
330 2383 443 2458 exigant
457 2382 582 2452 servitia,
597 2383 690 2458 qualia
712 2399 727 2440 a
749 2399 777 2440 se
793 2382 866 2457 exigi
885 2399 942 2440 nou
957 2383 1048 2440 ierant

248 2489 329 2548 tegre.
345 2475 378 2531 ln
394 2472 533 2549 qnaenim
547 2472 609 2548 quis
623 2488 753 2531 mensura
773 2472 986 2542 mensuraverit,
1006 2487 1048 2529 re·

249 2563 379 2620 metietur
392 2562 434 2619 illi
451 2563 557 2636 (Metti.
573 2579 625 2631 vu,
643 2561 682 2635 i);
705 2563 842 2621 Dominus
865 2562 940 2620 euim
954 2561 1047 2636 justus

245 2651 333 2726 judex
348 2667 442 2711 causas
456 2653 599 2721 discernit,
619 2667 675 2710 nou
685 2668 824 2726 personas.

286 2769 380 2844 (Vers.
400 2769 457 2844 ιθ.)
480 2793 491 2818 ι
508 2769 666 2839 Decaetero,
681 2768 790 2838 iratres,
806 2767 1002 2826 confortamini
1017 2769 1046 2826 in

253 2858 386 2930 Domino,
399 2865 426 2916 ιι
441 2860 470 2916 ιι
489 2860 613 2931 potentis
625 2857 738 2916 virtutis
752 2858 820 2931 ejus.
837 2884 847 2908 ι
875 2859 940 2916 Post
953 2857 1047 2915 omnia

252 2949 359 3007 monita
373 2947 432 3021 (stt
452 2955 479 3004 et
504 2947 689 3015 hortamenta,
708 2954 736 3003 et
750 2947 903 3021 disciplina
920 2947 1046 3006 ordinem

250 3034 384 3094 traditum
399 3035 536 3108 religiose,
547 3043 574 3092 ιι
588 3035 796 3108 dispositionem
811 3036 938 3109 mysterii
952 3036 1046 3094 mani-

250 3123 360 3195 festam,
373 3123 501 3182 robustos
525 3124 588 3180 illos
612 3124 673 3182 vult
688 3141 746 3182 esse
765 3125 794 3182 iu
808 3124 862 3182 lide
876 3125 978 3184 liduoia
990 3142 1046 3201 po-

248 3213 358 3270 testatis
371 3214 434 3282 Dei;
449 3221 480 3271 nt
502 3213 621 3272 scientes
634 3211 743 3272 firmam
758 3231 816 3274 esse
830 3231 905 3290 spem
924 3217 1047 3290 promis-

248 3303 344 3373 sionis,
365 3303 485 3379 prompti
510 3304 567 3362 sint
590 3305 664 3364 eirea
693 3305 825 3380 obsequia
839 3308 900 3375 Dei,
913 3306 1047 3381 erigentes

248 3393 434 3466 gubernacula
447 3403 544 3453 contra
563 3393 664 3453 fluetus
679 3395 980 3470 excitosimprudentia
995 3395 1046 3450 ini·

249 3483 324 3540 mici.
340 3483 540 3558 Tempestatem
567 3485 642 3543 enim
673 3487 723 3543 Dei
759 3487 848 3544 servis
875 3490 1044 3554 commovet,

248 3572 295 3629 sed
315 3573 372 3646 ipse
386 3575 562 3648 naufragium
576 3577 652 3634 iacit.

289 3691 361 3751 250
377 3688 469 3760 (Vens.
487 3689 530 3760 ll,
548 3689 604 3762 tt.)
627 3713 636 3737 ι
651 3688 805 3748 induimini
816 3705 867 3748 vos
892 3707 970 3749 arma
982 3691 1045 3762 Dei,

248 3789 280 3843 ιι
293 3785 404 3859 possitis
430 3793 502 3844 stare
529 3786 659 3844 adversus
689 3788 825 3846 nationes.
853 3790 1045 3848 sarmatici

248 3874 317 3932 tides
337 3881 379 3932 est
402 3873 520 3943 stabilis,
535 3893 584 3950 per
610 3893 694 3952 quam
721 3879 807 3936 solam
833 3895 940 3954 semper
955 3880 1047 3940 vietus

248 3971 289 4021 est
302 3963 425 4023 Satanas.
446 3989 456 4014 ‹
481 3964 618 4033 Quoniam
634 3975 746 4026 nonest
761 3968 841 4027 vohis
855 3969 929 4029 lucta
942 3968 1045 4028 adver·

248 4071 295 4112 sus
312 4070 423 4114 curnem
435 4064 463 4114 ιι
485 4055 660 4130 sanguinem,
683 4058 730 4115 ssd
754 4058 887 4116 adversus
901 4059 1046 4133 principa-

247 4152 294 4202 tus
307 4154 335 4203 et
349 4151 497 4219 potestates
510 4143 595 4218 hujus
609 4145 707 4203 mundi
732 4145 801 4218 (36),
817 4147 949 4206 adversus
963 4157 1046 4206 tene-

248 4233 360 4291 brarum
373 4235 472 4292 harum
491 4243 622 4306 rectores,
650 4235 782 4294 adversim
796 4235 932 4310 spiritalia
950 4237 1045 4313 nequi·

248 4321 305 4388 tia,
319 4337 380 4395 qua
403 4324 519 4381 suntin
544 4325 739 4384 celestibus·
775 4326 872 4386 Certus
898 4328 1045 4400 Apostolus

248 4407 313 4482 quia
326 4409 423 4479 exitia,
438 4427 499 4485 quse
514 4429 530 4469 a
553 4413 666 4485 perfidis
683 4416 735 4473 Dei
749 4416 862 4475 lamulis
877 4417 1043 4490 irrogentur,

1100 547 1177 600 nare,
1193 531 1272 606 quasi
1287 530 1493 589 incredulitatis
1508 523 1641 602 magistri.

1137 620 1228 693 (Vere.
1247 621 1351 693 isit.)
1373 643 1383 668 ‹
1406 619 1470 678 ldeo
1484 619 1602 694 aecipite
1618 616 1831 678 universitatem
1849 635 1902 676 ar·

1100 725 1220 777 ntorum,
1240 719 1272 767 ut
1302 709 1413 783 possitis
1437 708 1616 768 resisterem
1644 708 1690 766 die
1710 710 1792 778 malo,
1820 717 1848 766 et
1869 710 1902 767 in

1101 799 1230 856 omnihus
1259 799 1373 871 perlecti
1396 807 1478 868 stare,
1504 798 1640 856 succincti
1662 798 1772 856 lumbos
1794 807 1902 857 vestros

1100 892 1130 948 in
1145 892 1288 962 enaritate,
1308 900 1336 948 et
1349 891 1441 949 induti
1461 891 1576 948 loricam
1586 890 1715 963 justitia,
1741 898 1769 950 et
1782 891 1901 949 calceati

1100 981 1183 1054 pedes
1205 982 1234 1038 in
1249 983 1449 1056 praeparatione
1463 980 1608 1053 Evangelii
1637 981 1721 1056 pacis.
1741 981 1830 1054 Super
1853 981 1898 1039 his

1100 1074 1230 1131 omnibus
1244 1083 1416 1132 assumentes
1438 1081 1549 1131 scutum
1564 1071 1640 1142 fidei,
1658 1074 1687 1129 in
1702 1089 1757 1147 quo
1771 1076 1902 1146 poteritis

1100 1163 1194 1220 omnia
1209 1161 1265 1220 tela
1284 1163 1399 1236 maligni
1419 1162 1507 1235 ignita
1526 1161 1717 1234 exstinguere:
1744 1171 1772 1220 ιι
1796 1165 1900 1236 galeam

1100 1250 1197 1308 salutis
1211 1251 1337 1325 aecipite,
1353 1260 1381 1308 et
1399 1251 1525 1325 gladium
1543 1250 1668 1325 spiritus,
1687 1251 1761 1326 quod
1775 1260 1817 1309 est
1831 1267 1901 1309 ver-

1100 1341 1166 1398 bum
1177 1342 1264 1399 Dei.»
1286 1343 1422 1411 Quoniam
1442 1350 1540 1400 contra
1562 1341 1751 1400 atrocissimos
1764 1341 1856 1401 hostes
1874 1353 1901 1402 et

1101 1432 1177 1490 omni
1191 1433 1420 1506 tergiversatione
1434 1431 1551 1489 callidos
1564 1429 1668 1488 ltellnnt
1675 1432 1805 1505 gerimus,
1816 1433 1900 1492 idcir·

1100 1538 1133 1579 eo
1147 1523 1225 1578 omni
1243 1522 1352 1578 ιιιιιιι
1366 1529 1393 1578 ιι
1407 1519 1598 1579 sollieitudine
1618 1519 1736 1593 vigilare
1749 1521 1899 1592 dehemus;

1099 1620 1132 1670 ut
1144 1628 1315 1687 quacunque
1328 1611 1507 1682 tentaverint,
1524 1611 1648 1668 munitos
1672 1627 1724 1669 nos
1750 1621 1777 1670 et
1793 1629 1901 1688 praepa·

1100 1709 1174 1759 ratos
1193 1701 1348 1759 inveniant.
1364 1701 1480 1760 Necesse
1495 1708 1536 1758 est
1551 1699 1626 1758 enim
1642 1709 1674 1758 ιι
1689 1709 1717 1760 ιι
1730 1702 1800 1760 Eous
1814 1703 1900 1777 adju·

1063 1821 1087 1883 B
1101 1798 1158 1860 vet,
1177 1807 1246 1864 quos
1260 1789 1363 1848 viderit
1386 1789 1416 1847 in
1443 1789 1571 1864 precibus
1585 1789 1711 1863 vigilare,
1727 1799 1755 1848 et
1767 1790 1802 1849 de
1815 1793 1901 1851 umis

1101 1879 1161 1952 ejus
1187 1887 1347 1953 exspectare
1373 1877 1531 1937 victoriam.
1563 1881 1595 1938 lu
1621 1878 1781 1953 hujusmodi
1808 1890 1899 1940 autent

1101 1968 1175 2027 hello
1190 1968 1282 2026 sobria
1296 1978 1389 2026 ments
1416 1987 1485 2044 opus
1505 1977 1556 2040 est,
1579 1977 1607 2028 et
1630 1985 1700 2044 pura
1718 1971 1899 2042 couscientia,

1101 2058 1243 2133 quianon
1266 2067 1364 2117 eontra
1390 2059 1511 2118 carnalia
1532 2059 1674 2134 nequitia,
1702 2059 1750 2118 sed
1769 2061 1900 2119 adversus

1101 2151 1256 2224 spiritualia
1272 2151 1430 2209 dimicatur.
1445 2150 1549 2210 Contra
1561 2151 1713 2224 terrigenos
1725 2149 1900 2210 enimhsstes

1101 2258 1201 2316 eorpus
1215 2239 1311 2317 sagina
1324 2241 1479 2311 roboratur,
1503 2249 1532 2298 et
1557 2241 1664 2316 poculis
1677 2257 1756 2300 mens
1776 2241 1899 2300 incendi·

1102 2343 1157 2403 tur,
1172 2341 1204 2390 ut
1226 2332 1399 2406 repugnandi
1423 2339 1514 2390 sumat
1529 2331 1691 2400 audaciam;
1710 2330 1840 2391 adversus
1852 2347 1900 2391 su·

1101 2435 1157 2484 tem
1184 2427 1320 2502 spiritalia
1349 2426 1480 2500 nequitie
1509 2426 1671 2501 spiritaliter
1690 2428 1898 2504 repugnandum

1101 2523 1152 2583 est,
1170 2523 1197 2572 et
1224 2515 1382 2573 sobrietatis
1408 2523 1436 2573 et
1463 2515 1636 2573 abstinentia
1663 2531 1740 2574 arma
1766 2515 1901 2574 sumenda

1101 2615 1176 2678 sunt,
1192 2615 1223 2664 ut
1244 2606 1331 2664 inlusi
1361 2614 1457 2665 sancto
1479 2606 1585 2682 Spiritu
1605 2608 1765 2666 immundos
1786 2616 1814 2666 et
1828 2623 1900 2666 erra·

1100 2702 1172 2758 ticos
1185 2701 1299 2774 spiritus
1312 2700 1503 2761 devincamus.
1528 2701 1574 2760 Sic
1591 2703 1685 2778 itaque
1707 2703 1899 2778 succingemus

1101 2789 1212 2848 lumbos
1226 2798 1337 2849 nostros
1356 2789 1386 2848 iu
1413 2791 1542 2862 veritate,
1561 2791 1587 2849 si
1612 2793 1699 2866 parati
1726 2809 1821 2852 sumus
1836 2791 1898 2866 (37)

1100 2881 1188 2937 errori
1201 2881 1337 2940 resistere.
1354 2880 1453 2939 Omnis
1470 2881 1544 2939 euim
1558 2882 1608 2956 qui
1622 2882 1728 2956 operari
1746 2883 1817 2952 vult,
1833 2881 1900 2939 suls·

1100 2969 1187 3044 cingit
1213 2985 1257 3040 se;
1289 2979 1320 3028 ut
1343 2969 1435 3029 ablato
1482 2970 1700 3045 impedimento,
1734 2971 1901 3047 diligentius

1099 3070 1237 3137 operetur.

1137 3153 1228 3224 (vers.
1246 3153 1289 3222 ld,
1307 3153 1351 3224 is,
1369 3151 1428 3226 ιθ.)
1464 3179 1474 3204 ι
1495 3154 1546 3213 Per
1569 3169 1679 3214 omnem
1701 3154 1853 3215 orationem
1869 3163 1899 3217 et

1102 3257 1210 3316 precem
1225 3250 1335 3300 orantes
1349 3241 1379 3300 in
1399 3243 1475 3301 omni
1502 3252 1635 3318 tempore,
1652 3246 1682 3303 iu
1699 3247 1808 3321 spiritu,
1824 3254 1852 3304 et
1866 3248 1897 3304 in

1101 3331 1192 3406 ipsum
1216 3333 1363 3405 vigilantes
1378 3331 1497 3391 inomni
1514 3336 1718 3407 perseverantia
1732 3343 1759 3394 et
1772 3335 1896 3395 obsecre·

1100 3423 1176 3480 tione
1190 3437 1240 3496 pro
1254 3421 1384 3480 omnihus
1410 3423 1523 3493 sanctis,
1546 3432 1574 3482 ιι
1598 3439 1649 3498 pro
1675 3441 1738 3495 me;
1759 3433 1791 3483 ιι
1816 3426 1901 3484 detur

1101 3509 1171 3568 mihi
1195 3527 1286 3569 sermo
1312 3510 1341 3568 in
1365 3513 1506 3585 apertione
1529 3513 1585 3571 oris
1599 3514 1653 3571 mei
1667 3515 1726 3589 (38)
1742 3523 1834 3574 mette
1848 3532 1898 3574 uo·

1100 3607 1159 3656 tunt
1174 3599 1264 3659 iacere
1275 3600 1439 3674 mysterium
1452 3602 1608 3676 Evangelii,
1621 3619 1672 3676 pro
1689 3619 1743 3678 quo
1762 3604 1899 3679 legatione

1100 3689 1201 3763 fungor
1215 3689 1244 3746 iu
1257 3699 1370 3759 catena;
1388 3699 1419 3748 ut
1443 3691 1473 3748 in
1488 3691 1549 3765 ipso
1572 3700 1667 3750 exerta
1681 3693 1809 3752 libertate
1823 3703 1899 3766 utar,

1100 3786 1183 3854 prout
1202 3787 1311 3854 oportet
1325 3795 1369 3837 me
1395 3780 1510 3856 loqui.»
1534 3781 1562 3840 si
1591 3791 1665 3841 recte
1691 3800 1898 3855 conversamur,

1099 3869 1218 3944 Spiritus
1247 3879 1358 3928 sanetus
1378 3878 1473 3928 manet
1492 3871 1520 3929 in
1537 3871 1630 3944 nobis,
1645 3881 1672 3930 et
1688 3872 1763 3948 quod
1776 3874 1899 3947 postula·

1100 3973 1172 4028 mus,
1191 3974 1337 4032 possumus
1365 3960 1522 4034 impetrare.
1544 3961 1603 4020 lloe
1617 3969 1657 4020 est
1672 3979 1737 4036 orgo
1749 3963 1779 4020 in
1797 3962 1899 4037 spiritu

1100 4047 1177 4104 omni
1192 4057 1317 4122 ternpore
1330 4065 1418 4120 orare,
1433 4049 1537 4108 munds
1560 4051 1731 4110 conscientia
1743 4059 1771 4108 et
1784 4051 1838 4108 lide
1853 4051 1896 4108 in·

1101 4144 1174 4211 tegra
1188 4154 1297 4212 precem
1326 4139 1360 4196 ad
1384 4141 1472 4198 ιιιιιι
1500 4139 1628 4215 dirigere.
1657 4142 1689 4198 ln
1713 4157 1795 4200 earne
1821 4141 1897 4198 enim

1099 4235 1169 4296 orat,
1186 4228 1234 4302 qui
1248 4229 1356 4302 polluta
1379 4239 1471 4287 mente
1494 4237 1634 4304 precatur,
1648 4231 1749 4288 iterum
1764 4237 1901 4306 ιιιιιιι-

1098 4333 1156 4386 rus,
1175 4317 1280 4376 nonde
1302 4325 1404 4378 eventu
1419 4327 1468 4377 ast
1481 4319 1667 4394 subreptione,
1689 4319 1736 4378 sed
1751 4319 1786 4378 de
1799 4335 1900 4394 propo·

1099 4405 1164 4463 sito.
1181 4407 1235 4465 Sed
1250 4415 1340 4482 potest
1365 4425 1422 4467 nou
1447 4409 1555 4483 peccari
1583 4409 1619 4468 ad
1647 4417 1774 4481 mortem,
1800 4411 1824 4468 si
1837 4427 1900 4484 per·

248 4503 359 4555 anemis
372 4498 495 4565 diaholo,
511 4500 716 4574 ministrantur,
732 4506 811 4578 cuius
825 4507 943 4565 altitudo
958 4524 1044 4582 gran·
1099 4505 1256 4555 avennici
1283 4507 1386 4566 oratur,
1414 4505 1446 4556 ut
1472 4497 1581 4558 animus
1610 4499 1706 4558 sedula
1731 4505 1824 4558 ments
1854 4499 1899 4555 in·

248 4587 292 4645 dis
312 4596 341 4644 ιι
349 4585 512 4646 homiuibus
528 4589 710 4664 impossibilis
724 4604 765 4652 est
771 4614 779 4663 ;
803 4604 898 4654 monet
916 4561 1084 4656 adversusD
1100 4591 1193 4644 lentus
1206 4586 1244 4644 ⁵1¹
1257 4603 1364 4662 semper
1391 4587 1420 4646 1¹¹
1443 4588 1494 4646 ⁰⁰5
1519 4588 1617 4663 legem·
1645 4603 1677 4646 ⁰³
1700 4587 1837 4648 medium
1850 4587 1900 4646 die

248 4675 307 4734 hec
321 4692 397 4734 arma
410 4676 460 4735 Dei
477 4679 620 4750 sumenda,
646 4680 726 4754 cujus
749 4684 835 4742 solius
848 4686 951 4746 virtute
965 4703 1042 4762 supe·

249 4773 345 4822 rantur
353 4774 381 4822 et
393 4766 577 4826 destruuntur
589 4771 683 4829 omnia
696 4773 918 4835 machinamenta
927 4778 1041 4837 diaboli.

248 4855 309 4928 lpse
319 4862 360 4912 est
383 4854 459 4912 enim
483 4857 564 4930 cnjus
583 4861 718 4920 satellites
738 4871 814 4935 sunt,
832 4883 901 4940 quos
918 4867 1042 4925 ιιιιιιιι·

248 4962 310 5005 ruut
325 4943 423 5003 harum
446 4946 516 5005 dicit
531 4958 659 5021 rectores,
676 4953 791 5026 spiritus
806 4957 978 5030 nequissimi,
994 4957 1042 5030 qui

248 5036 352 5112 degunt
375 5039 405 5096 ιι
424 5039 593 5111 coelestibus,
622 5044 651 5100 iu
679 5045 852 5104 firmamento
874 5046 981 5106 usundi.
1007 5049 1042 5106 iti

248 5137 313 5189 sunt
326 5131 428 5189 erroris
443 5130 538 5200 ducas,
563 5133 740 5193 tenebramur
763 5145 891 5208 rectores,
915 5137 968 5196 hot
988 5147 1041 5211 est,

249 5220 410 5296 ignorantias
436 5230 464 5280 ιι
486 5220 610 5295 perfidie
634 5228 783 5299 prepositi.
811 5229 940 5288 Rectores
967 5231 1040 5288 enim

286 5401 424 5535 (ddh'tet.
442 5402 510 5461 edit.
528 5402 685 5534 ecquidem
702 5422 779 5477 mss,
798 5406 862 5466 Post
884 5409 973 5468 omnic
990 5429 1041 5468 me·

247 5477 324 5544 sito;
362 5492 418 5534 om.
431 5475 498 5534 edit.
515 5484 543 5536 st
594 5476 616 5534 ii
634 5493 690 5534 mss
693 5519 815 5539 .....
834 5483 954 5550 monits,·
969 5483 1042 5542 inira

1100 4687 1235 4753 nocteque
1263 4695 1323 4753 quaa
1350 4688 1424 4739 amat
1445 4680 1528 4740 Deus.
1557 4679 1635 4740 Tunc
1665 4687 1692 4739 et
1718 4695 1768 4753 pro
1794 4677 1901 4736 unctis

1099 4777 1216 4841 possunt
1229 4785 1320 4837 orare;
1342 4778 1455 4829 nonest
1480 4771 1555 4830 anim
1571 4767 1716 4844 indignum
1736 4777 1767 4827 ιι
1780 4785 1830 4844 pro
1851 4767 1896 4824 in·

1099 4860 1190 4918 vicent
1205 4859 1325 4918 sollicita
1347 4861 1403 4920 sint
1427 4861 1566 4921 membra:
1583 4878 1634 4920 ιιι
1655 4863 1832 4922 temerarium
1847 4877 1897 4936 po·

1099 4954 1165 5010 terit
1176 4952 1274 5024 videri,
1290 4954 1313 5011 si
1327 4971 1377 5028 pro
1392 4954 1523 5030 magistro
1545 4957 1676 5034 discipuli
1705 4956 1798 5016 idonei
1813 4958 1900 5016 inter·

1099 5044 1212 5118 pellent,
1222 5043 1467 5118 adjuvauteseum,
1478 5057 1511 5108 ut
1520 5050 1680 5126 postpositis
1690 5049 1901 5124 impedimentis

1100 5133 1228 5194 libertate
1250 5143 1344 5216 utatur
1371 5137 1406 5194 ed
1433 5138 1653 5212 predicandum,
1671 5140 1744 5200 sicut
1762 5138 1899 5196 traditum

1098 5233 1139 5283 est
1152 5226 1187 5284 ab
1200 5233 1328 5298 auctore,
1346 5240 1381 5284 ne
1399 5243 1510 5302 pressus
1535 5228 1566 5287 vi
1592 5228 1820 5299 tubulatiouum,
1838 5229 1900 5304 ipsa

1148 5413 1194 5486 st)
1209 5413 1289 5470 nom.
1307 5411 1373 5470 ιιι.
1390 5413 1457 5485 sota,
1473 5413 1600 5472 testreet
1612 5413 1744 5472 sesses
1758 5385 1873 5471 datori.

1147 5485 1193 5568 37)
1209 5485 1273 5542 llss.
1289 5483 1404 5558 aliquot,
1430 5486 1472 5542 Sic
1489 5487 1577 5558 itaque
1595 5485 1788 5559 meoinquietus.
1807 5529 1814 5543 .
1833 5529 1841 5545 .
1860 5485 1902 5542 tic

247 5563 315 5606 vero
333 5563 369 5605 ex
384 5563 449 5606 mss.
469 5565 526 5605 uon
549 5547 643 5622 paucis
661 5549 843 5622 reposuimus,
862 5553 1041 5627 imprudentia
1095 5563 1187 5630 paratv
1201 5557 1293 5626 times,
1311 5565 1363 5614 etc.

248 5619 360 5688 inimici,
375 5621 425 5678 uhi
453 5635 549 5704 ornnes
577 5619 644 5680 edit.
667 5630 695 5680 et
720 5639 783 5683 mss.
807 5625 914 5700 aliquot
927 5625 1040 5698 hahent,
1134 5627 1193 5704 (38)
1208 5629 1287 5688 Rom.
1303 5627 1449 5700 editsols,
1464 5630 1521 5687 ιιι
1533 5628 1655 5688 moisem
1675 5627 1805 5700 testae,
1821 5637 1878 5687 ete.

246 5689 410 5762 impsdtett'o
421 5691 533 5770 inimica.
