4052 6192
263 267 314 326 erl
767 267 815 324 AD
831 266 948 326 OPERA
966 265 995 323 S.
1015 263 1182 324 AMBROSII
1200 263 1391 322 areanum.
1859 265 1904 322 llll

263 393 293 451 iu
307 393 347 452 eis
359 399 424 450 sant
437 390 531 448 omnia
550 393 558 426 ¹
579 393 674 464 (Apus.
689 406 717 461 r,
733 390 845 466 tt-ts).
862 417 873 444 ι
893 393 930 450 m
955 393 1056 450 iterum
1072 391 1282 460 ABanedictio,
1298 399 1328 448 et
1343 391 1441 465 gloria,
1457 399 1484 448 et
1496 389 1640 464 sapientia,
1654 399 1682 448 et
1696 391 1844 464 gratiaram
1858 409 1903 450 ac·

263 492 375 541 monet:
394 507 403 530 ·
418 478 517 554 Angeli
532 478 641 536 stabant
650 479 725 538 circa
733 479 876 550 thronum,
888 489 915 538 et
927 482 1058 550 seniores,
1114 484 1163 552 tiu,
1178 491 1206 538 et
1220 481 1318 549 bonor,
1335 489 1361 538 et
1376 489 1504 555 potestas,
1526 491 1554 538 et
1572 481 1663 538 uirtus
1685 483 1741 538 beu
1763 489 1856 539 nostro
1878 483 1904 540 in

263 583 291 631 et
305 583 423 648 quatuor
438 571 570 628 animalia
588 588 594 625 :
611 580 638 628 et
661 571 914 644 procideruntante
928 571 1059 628 thronum
1113 571 1221 628 saecula
1240 570 1423 628 macularum.
1448 574 1536 627 Amen
1554 573 1565 606 ³
1585 571 1668 644 (ibid.
1684 588 1734 639 vn,
1753 573 1796 642 ll,
1822 572 1897 643 12),ι

263 663 292 719 in
310 662 408 718 faciem
427 675 516 730 suam,
532 667 559 716 et
574 659 758 716 adorauerunt
772 662 869 728 Deum,
890 659 1057 717 'dicentes:
1244 661 1376 717 Exustam
1395 673 1406 698 ²
1423 676 1513 717 ssnao
1531 677 1626 717 senaar
1644 661 1778 718 Menesi.

296 803 305 824 ¹
323 797 353 852 ln
367 793 452 852 cod...
471 799 578 850 trermo
593 795 629 848 sci
644 795 721 850 Amb.
742 794 831 867 liujus
850 794 986 862 formulae,
1007 810 1061 866 qua
1115 805 1217 862 manet,
1242 811 1300 851 eam
1317 803 1409 851 tamen
1419 793 1577 864 formulam,
1593 793 1687 850 habita
1701 794 1849 865 spatiorum
1866 813 1903 852 ra·

262 883 352 923 sermo
374 866 560 933 concluditur,
586 866 614 922 ia
641 866 730 939 prima
753 883 820 922 voce
835 866 933 922 litterae
948 881 1060 938 prorsus
1114 867 1199 936 tione,
1213 867 1340 940 supplere
1354 865 1427 922 baud
1449 865 1561 923 difficile
1586 867 1654 933 fuit;
1674 866 1757 920 serbo
1771 865 1843 920 enim
1858 887 1905 922 er-

262 938 427 995 oblitteratae
442 945 516 1006 sunt,
533 945 561 993 et
583 937 689 994 ultima
708 937 843 994 duntaxat
858 937 956 993 litteras
976 943 1062 1018 tque
1111 939 1188 1010 plicit
1201 938 1255 994 fuit
1269 938 1401 994 solemnis
1423 936 1546 1011 antiquis
1568 938 1638 994 ratio
1652 935 1797 994 claudendi
1813 937 1902 996 libros.

262 1017 336 1067 recta
350 1009 439 1065 farma
450 1008 550 1066 excudi
563 1008 671 1077 curari,
687 1009 798 1065 nonnisi
811 1008 896 1066 breve
910 1008 1059 1080 uestigium

299 1120 308 1155 ¹
322 1118 446 1202 Antiqua
458 1119 548 1176 versio
562 1117 634 1246 sqmd
647 1117 837 1200 Sabet3addit,
848 1119 939 1200 subtus
950 1125 1060 1201 terram·
1116 1123 1119 1130 '
1150 1118 1203 1199 ⁸'In
1217 1116 1303 1190 antiq.
1320 1124 1347 1199 et
1361 1131 1433 1197 nova
1447 1131 1531 1183 vers,
1547 1115 1732 1198 obritos'loca
1744 1117 1849 1188 plurim
1864 1117 1906 1174 sed

260 1190 307 1248 oui
322 1199 424 1248 accinit
441 1206 514 1247 nova
528 1190 573 1248 Vu
586 1206 624 1262 g.,
640 1205 767 1263 quamvis
783 1206 839 1246 non
852 1189 954 1247 eisdem
968 1189 1060 1246 narbas
1115 1190 1362 1280 nobiscqrnuplursu
1378 1187 1747 1319 'reqqqetfflglcqesntqqquqn
1763 1187 1905 1316 quqmfindel

261 1261 432 1415 leqaqraecus
444 1330 583 1390 Ambrosii
597 1332 814 1414 nustrillectiuni
833 1332 918 1402 favet,
941 1330 965 1389 si
979 1331 1061 1390 initio
1114 1269 1192 1390 binib
1205 1260 1405 1400 bibbgibbn
1426 1304 1512 1414 'apta
1739 1275 1776 1332 qu
1898 1302 1905 1329 ’

260 1404 375 1475 scribas,
390 1406 427 1462 Et
437 1420 524 1460 omnes
534 1411 597 1460 ante
610 1405 706 1476 angele.

299 1719 358 1805 IN
390 1717 564 1806 EPIST.
600 1720 672 1804 EX
697 1720 1190 1808 AMBROSIANARUM
1224 1717 1459 1807 NUMERO
1493 1715 1871 1804 SEGREGATAS.

960 1880 1199 1952 annonara.

296 2146 423 2223 Quinque
436 2145 565 2221 epistulas
589 2163 625 2204 ex
639 2144 883 2205 Ambrosianamm
907 2143 1031 2219 catalogo
1055 2143 1187 2202 duximus
1205 2144 1391 2214 eximendae,
1415 2142 1614 2219 quarumdam
1637 2142 1753 2216 priores,
1777 2141 1908 2199 nimimm

260 2239 305 2296 Ad
317 2252 423 2295 meram
436 2235 566 2310 uirginem
580 2233 781 2304 Demetriadem,
795 2243 823 2292 et
836 2235 881 2292 Ad
889 2235 1004 2306 uirgines
1018 2251 1122 2302 sacras,
1138 2229 1167 2289 in
1183 2233 1316 2290 omnibus
1338 2249 1388 2306 ope
1399 2249 1459 2288 rum
1487 2231 1574 2289 sancti
1586 2229 1727 2289 Ambrosii
1742 2229 1908 2288 editionibus

261 2328 378 2400 vulgata
392 2326 501 2383 fuerant
515 2343 523 2392 ;
538 2332 595 2381 tres
612 2341 678 2382 veru
692 2325 865 2398 posteriores,
880 2324 1009 2381 videlieet
1025 2341 1032 2380 :
1050 2325 1081 2379 de
1095 2325 1248 2382 Inventione
1258 2342 1322 2382 sanc
1331 2331 1423 2381 torum
1438 2324 1561 2382 demasii
1573 2330 1597 2380 et
1610 2323 1751 2386 Probini:
1765 2323 1796 2378 de
1814 2324 1911 2380 fnoen-

261 2421 330 2478 tione
342 2427 492 2478 merbrum
515 2420 609 2479 Vitatis
628 2426 652 2476 et
663 2419 806 2491 Agricolae,
822 2427 904 2494 atque
917 2418 1033 2493 epistola
1046 2418 1083 2474 ad
1096 2415 1279 2480 Florianum
1292 2430 1308 2471 a
1324 2412 1456 2472 Romanis
1468 2411 1623 2470 editoribus
1637 2412 1757 2484 primam
1778 2412 1807 2467 in
1823 2412 1909 2468 lucem

260 2509 366 2567 amima
380 2517 455 2566 sant.
471 2509 511 2565 De
525 2509 642 2581 singulis
655 2525 798 2566 censuram
813 2517 935 2566 nostram
950 2507 1072 2564 breviter
1090 2503 1265 2577 subjicimus,
1280 2511 1312 2560 ut
1337 2503 1424 2560 lector
1439 2501 1575 2575 intelligat
1589 2501 1691 2575 quibus
1709 2500 1861 2558 momentis
1878 2499 1909 2556 ad

261 2617 306 2659 aas
324 2600 490 2659 abdicandas
504 2601 591 2657 simus
607 2599 727 2658 inducti.

296 2691 447 2762 Epistulam
463 2690 701 2746 ndDemetriadem
715 2704 811 2746 omnes
824 2689 996 2746 eruditarum
1011 2687 1142 2747 centurias
1165 2681 1313 2741 Ambrosio
1335 2680 1505 2753 abjudicant,
1520 2695 1638 2754 qnorum
1656 2677 1794 2752 judicium
1810 2689 1903 2737 ratum

260 2795 318 2836 esse
332 2778 430 2836 debere
444 2777 581 2852 quidquid
592 2777 746 2850 legentibus
762 2777 819 2835 illic
842 2778 973 2849 occurrit,
990 2788 1082 2851 aperte
1096 2777 1211 2852 prohat:
1228 2773 1348 2830 maxime
1369 2787 1436 2830 vero
1460 2788 1520 2846 quas
1540 2770 1717 2842 disputantur
1730 2769 1765 2827 de
1780 2770 1906 2843 Pelagia-

260 2868 304 2926 nis
317 2869 435 2926 Doctore
451 2877 545 2926 nostro
559 2867 768 2940 posterioribus.
784 2867 916 2924 Eamdem
933 2875 996 2925 ante
1015 2869 1121 2943 aliquot
1144 2881 1230 2922 annus
1244 2863 1329 2920 Leuni
1353 2863 1450 2936 Magno
1471 2869 1586 2920 conatus
1598 2868 1657 2917 erat
1671 2877 1788 2918 asserere
1814 2862 1843 2918 in
1859 2877 1907 2918 sna

261 2974 374 3032 operam
397 2957 518 3031 ejusdem
541 2957 683 3015 Pontificis
706 2957 828 3014 editione
851 2957 1045 3025 Quesnellius:
1066 2958 1096 3013 in
1117 2971 1197 3028 quem
1222 2969 1309 3025 nuper
1329 2952 1478 3008 Anselmas
1498 2951 1643 3022 insurgens
1667 2950 1773 3023 magnis
1793 2951 1906 3019 animis,

261 3044 337 3104 illam
352 3047 479 3120 populari
494 3063 545 3104 sno
567 3048 700 3120 Prospero
714 3063 777 3105 cum
801 3048 865 3104 eliis
879 3065 934 3106 non
950 3047 1044 3121 paucis
1067 3044 1185 3104 eredidit
1202 3041 1408 3100 vindicandam.
1425 3041 1549 3110 Quilibet
1571 3059 1602 3098 ea
1616 3041 1645 3097 in
1660 3041 1836 3100 contentione
1852 3043 1907 3098 utri

260 3135 380 3192 voluerit
394 3136 465 3208 parti
479 3151 536 3193 sese
550 3135 680 3209 adiunget
695 3153 702 3205 ;
719 3152 769 3192 nos
785 3136 860 3192 enim
872 3135 939 3192 dum
954 3143 1060 3193 constet
1084 3138 1224 3195 Ambrosii
1240 3153 1296 3193 non
1315 3151 1383 3206 esse,
1409 3135 1483 3194 haud
1509 3135 1719 3208 refragabimur.
1741 3134 1811 3192 Cam
1827 3152 1908 3208 purru

260 3226 354 3284 eadem
367 3227 484 3300 epistola
498 3226 593 3283 multis
607 3229 636 3283 in
656 3227 725 3284 lucis
739 3225 811 3298 apud
836 3226 906 3283 alios
927 3226 962 3283 ab
983 3226 1130 3285 Ambrosio
1145 3228 1238 3285 Patres
1252 3227 1326 3284 edita
1339 3226 1433 3296 fuerit,
1457 3225 1551 3282 inutili
1572 3225 1691 3298 pondere
1706 3243 1820 3300 gravare
1834 3225 1909 3284 side

260 3331 354 3373 rernm
368 3325 493 3373 nostram
509 3315 562 3373 hoc
577 3317 717 3385 volumen,
733 3315 757 3373 si
773 3315 864 3373 denuo
881 3316 968 3390 ipsam
981 3315 1113 3373 recudere
1127 3315 1237 3372 animus
1252 3322 1332 3372 esset.

295 3405 479 3473 Quamobrem
495 3414 612 3480 quatuor
626 3422 719 3464 earum
734 3422 802 3480 quas
816 3405 863 3463 bic
876 3405 1013 3474 dabimus,
1027 3405 1152 3462 ordinem
1168 3405 1337 3477 ducetque
1352 3403 1500 3475 virginitas
1525 3403 1611 3460 sceris
1625 3402 1762 3460 destinata
1776 3411 1827 3461 est.
1846 3403 1910 3460 llaec

260 3503 351 3551 satem
375 3512 439 3552 cam
465 3495 582 3552 aliorum
600 3495 707 3552 calculo
729 3495 864 3568 rejicitur,
891 3505 951 3558 turn
970 3513 986 3552 a
1007 3495 1127 3552 Burunio
1141 3495 1201 3566 ipso
1218 3495 1265 3567 (ud
1278 3509 1380 3550 annum
1402 3492 1465 3563 ert,
1483 3509 1557 3548 num.
1575 3492 1638 3563 107)
1652 3492 1755 3550 dicitur
1766 3510 1910 3566 perperam

260 3581 396 3637 Ambrosii
410 3581 515 3636 nurnine
528 3581 691 3653 consignata.
705 3582 781 3641 Unde
795 3598 850 3640 non
866 3582 964 3638 mirari
985 3584 1109 3656 profecto
1123 3600 1180 3640 non
1203 3599 1349 3657 possumus
1367 3583 1434 3656 qaid
1459 3581 1528 3638 viris
1551 3582 1729 3650 doctissimis,
1748 3585 1797 3656 qui
1818 3583 1910 3656 operis

261 3671 426 3727 sBullando
442 3671 544 3744 incepti
569 3673 669 3728 molem
694 3673 817 3730 humeris
844 3682 1023 3747 exceperunt,
1044 3673 1152 3730 venerit
1176 3673 1204 3729 in
1228 3681 1359 3742 mentem,
1386 3688 1448 3729 cum
1473 3687 1533 3728 eam
1557 3669 1700 3744 epistulam
1720 3671 1772 3728 snb
1786 3670 1910 3744 ejusdem

261 3759 402 3818 Ambrosii
424 3762 511 3818 nostri
529 3762 641 3819 nomine
658 3761 733 3836 typis
760 3771 963 3836 expresserunt.
987 3765 1137 3823 Advertere
1159 3781 1223 3822 sane
1242 3763 1397 3821 debuerant
1410 3770 1551 3818 auctorem
1575 3760 1634 3833 ejas
1654 3777 1763 3835 prorsas
1780 3762 1908 3834 ignaram

261 3849 401 3908 exstitisse
424 3852 536 3908 illorum
564 3869 682 3922 morum,
706 3852 754 3927 qui
782 3853 952 3927 temporibus
981 3855 1068 3911 sancti
1087 3853 1220 3912 antistitis
1242 3854 1335 3911 llomae
1355 3851 1525 3909 obtinebant.
1550 3853 1618 3908 Nam
1641 3851 1745 3924 alioqui
1767 3865 1908 3924 nunquam

261 3938 424 4012 scripsisset,
445 3939 518 4014 qaod
533 3941 650 4013 legimus
663 3941 715 3998 sub
730 3941 812 3999 finem
839 3941 985 4016 epistolae:
1008 3944 1202 4012 Perseveravit,
1227 3942 1328 4017 inquit,
1359 3942 1515 3999 Constantia
1532 3941 1559 3996 in
1579 3941 1740 4012 virginitate,
1754 3957 1804 4012 per
1825 3955 1910 4012 qnam

261 4031 352 4086 matta
366 4029 480 4102 uirgines
493 4037 517 4086 et
530 4031 670 4088 mediocres
689 4040 713 4090 et
732 4033 831 4089 nabiles
856 4039 880 4088 et
904 4032 1021 4088 illustres
1045 4049 1123 4091 saera
1139 4034 1270 4091 uelamina
1293 4040 1470 4105 sncepemvnt.
1495 4033 1581 4101 Quam
1601 4033 1673 4088 enim
1692 4032 1745 4089 hoc
1759 4049 1862 4089 vanum
1879 4047 1910 4086 ac

260 4117 341 4176 futile
358 4117 404 4188 sit,
415 4134 450 4176 ex
465 4120 628 4194 Hieronymi
651 4121 826 4193 cognoscitur
849 4122 1022 4190 testimonio,
1038 4123 1087 4180 ubi
1103 4124 1144 4182 sic
1165 4122 1207 4179 ait
1221 4123 1320 4195 (Epist.
1343 4123 1375 4179 de
1390 4123 1513 4179 laudibns
1526 4123 1693 4197 Marcellul:
1709 4123 1795 4180 Nulla
1805 4142 1834 4180 eo
1850 4129 1909 4178 brn-

258 4225 324 4280 pure
336 4209 466 4266 nobilium
478 4208 641 4281 feminarum
654 4218 762 4266 uouerat
786 4211 875 4268 Roma
897 4213 1066 4283 propesitum
1079 4213 1275 4282 manachorum,
1301 4230 1346 4268 nea
1359 4213 1472 4269 audebat
1482 4219 1591 4284 propter
1609 4211 1649 4268 rei
1671 4213 1813 4269 nouitatem
1840 4213 1910 4284 ignu-

260 4299 412 4369 minimum,
427 4305 457 4356 nt
471 4306 531 4356 tnnc
540 4301 697 4372 potabatur,
720 4306 744 4355 et
758 4301 809 4356 uile
822 4301 851 4356 in
866 4301 974 4373 pupulis
990 4318 1084 4357 namen
1103 4318 1246 4358 assumere.
1262 4303 1335 4375 Ergo
1353 4303 1376 4360 si
1392 4300 1436 4359 cni
1452 4300 1599 4359 Ambrosio
1622 4300 1768 4358 tribuenda
1786 4302 1840 4358 erit
1855 4301 1910 4355 beo

262 4385 387 4458 epistola,
403 4405 546 4444 censuram
574 4390 772 4462 amplectemur
797 4391 911 4447 loannis
933 4391 1054 4452 Baadini
1077 4392 1111 4450 ad
1134 4392 1284 4464 marginem
1313 4390 1435 4463 ejusdem
1459 4387 1582 4462 epistole
1601 4390 1629 4446 in
1654 4389 1790 4448 Vaticano
1815 4389 1910 4447 codice

261 4484 411 4542 exaratam,
428 4477 500 4532 unde
520 4493 578 4532 eam
590 4478 678 4536 amica
695 4495 777 4536 anana
791 4479 955 4552 descriptam
974 4480 1123 4539 habuimus
1144 4482 1172 4539 in
1189 4481 1248 4539 ham
1265 4481 1369 4538 verba:
1387 4482 1449 4538 Nun
1468 4488 1506 4536 est
1529 4480 1667 4536 Ambrosii
1688 4478 1907 4542 mediolanensis,

262 4565 305 4620 scd
317 4565 428 4620 nlbrins
441 4565 580 4635 eujusdam
597 4567 731 4624 Ambrosii
748 4569 878 4638 munucbi,
900 4571 947 4640 qui
966 4570 1034 4626 tane
1045 4588 1190 4628 sermonem
1205 4572 1295 4628 Graece
1309 4570 1423 4641 scripsit.
1446 4571 1544 4625 Exstat
1553 4567 1583 4624 in
1593 4569 1745 4624 bitrionem
1769 4569 1909 4628 Vaticana,

262 4659 286 4708 et
295 4655 462 4725 postmodum
476 4655 504 4709 in
521 4655 640 4710 latinam
656 4657 772 4729 linguam
786 4674 924 4714 conuersus
937 4665 975 4714 est
989 4659 1022 4715 ab
1036 4660 1103 4718 aiio.

297 4743 376 4810 Quod
391 4751 494 4815 spectat
507 4743 542 4800 ad
556 4745 675 4817 reliquas
693 4753 749 4804 tres
763 4747 836 4816 illas,
851 4765 918 4822 quas
933 4749 962 4804 in
978 4749 1102 4806 Romana
1125 4749 1246 4807 editione
1271 4748 1391 4822 primum
1415 4747 1550 4822 prodiisse
1572 4763 1655 4821 supra
1673 4745 1809 4813 diximus,
1826 4743 1912 4818 qnis-

262 4831 324 4904 qnis
345 4831 451 4889 easdem
476 4849 539 4890 cam
554 4833 693 4908 aliquibus
709 4851 773 4893 vere
788 4836 1032 4895 Ambrosianaram
1055 4841 1219 4897 contendere
1241 4839 1402 4907 instituerit,
1422 4839 1514 4896 stalim
1538 4846 1666 4912 agnoscet
1690 4835 1913 4911 qnantudiscri-

262 4919 336 4976 nrine
347 4918 465 4978 invicem
481 4921 655 4979 abhorreant.
672 4925 707 4982 Ut
720 4941 785 4982 vero
799 4924 826 4981 id
842 4925 963 4997 apertius
977 4926 1134 5002 clariusque
1153 4929 1200 4998 sit,
1216 4945 1276 5003 qaae
1292 4927 1321 4984 in
1341 4927 1430 5000 prima
1444 4928 1554 4984 illarum
1576 4927 1610 4985 de
1624 4927 1787 4984 inventione
1807 4940 1913 4996 corpo·

261 5027 322 5067 rum
339 5011 462 5067 Gervasii
477 5021 505 5068 et
530 5013 645 5070 Protesii
670 5015 837 5082 referuntur,
862 5032 925 5072 cum
949 5016 984 5072 iis
1003 5017 1114 5091 quaeda
1137 5017 1189 5076 hac
1207 5018 1266 5090 ipsa
1292 5017 1452 5074 inventione
1473 5015 1655 5088 Augustinus,
1670 5015 1814 5083 Paulinus,
1830 5023 1911 5085 atque

261 5100 330 5157 adeo
343 5099 630 5172 ipsemetAmbrosius
645 5111 806 5174 memorant,
832 5104 1021 5162 conferantur.
1042 5106 1103 5162 Nun
1125 5105 1299 5163 diffitendum
1321 5114 1412 5162 tamea
1435 5105 1527 5162 lucum
1551 5120 1586 5160 ex
1609 5103 1661 5160 bac
1682 5102 1777 5159 eadem
1798 5100 1914 5174 epistota

261 5189 290 5246 in
311 5189 464 5262 fragmento
479 5189 619 5248 Orationis
632 5194 746 5250 loannis
768 5194 930 5250 Damasceni
945 5193 976 5249 da
990 5195 1154 5266 Imaginibus
1167 5195 1282 5252 citatum
1298 5193 1422 5267 reperiri.
1437 5192 1489 5250 Sed
1504 5191 1576 5249 nibil
1592 5189 1668 5249 alind
1681 5207 1717 5249 ex
1732 5191 1785 5248 boc
1799 5187 1914 5263 probare

262 5279 360 5353 possis,
374 5279 428 5336 nisi
448 5279 506 5352 jam
523 5281 587 5339 inde
598 5281 632 5340 ab
647 5291 726 5340 aetate
745 5282 867 5355 ejusdem
895 5285 998 5353 sancti,
1013 5283 1035 5341 si
1051 5290 1141 5340 tamen
1156 5282 1215 5356 ejus
1234 5301 1297 5341 vere
1311 5283 1348 5340 sit
1372 5283 1442 5341 illud
1458 5283 1652 5356 fragmentum,
1675 5281 1753 5338 illam
1769 5279 1914 5354 epistulam

260 5369 401 5426 Ambrosii
429 5371 544 5428 nornine
564 5373 739 5430 circumferri
761 5371 951 5429 consuevisse.
979 5373 1034 5429 Nec
1058 5388 1124 5429 vero
1150 5372 1295 5432 obscurius
1316 5373 1428 5432 videtur
1445 5359 1604 5448 sequentem
1624 5369 1745 5445 alicujus
1759 5385 1816 5427 esse
1843 5383 1917 5425 cun-

261 5459 447 5530 sarciuatoris,
464 5461 511 5536 qai
525 5461 666 5520 Ambrosii
682 5461 878 5532 narrationem,
898 5479 953 5537 qua
967 5462 1068 5522 Vitalis
1082 5472 1163 5538 atque
1190 5463 1325 5539 Agricolas
1339 5473 1493 5539 martyram
1522 5461 1713 5521 inventionem
1728 5463 1759 5518 in
1771 5461 1919 5518 liebertu-

262 5547 330 5603 tiane
349 5549 514 5622 Virginitatis
526 5551 692 5624 descriptam
706 5549 829 5624 reliquit,
856 5552 957 5626 partim
972 5553 1108 5621 addendo,
1121 5555 1221 5627 partim
1236 5555 1378 5626 mutando,
1404 5557 1506 5630 partim
1530 5551 1737 5627 transponendo
1759 5548 1920 5622 interpola-

261 5634 311 5693 vit.
329 5637 388 5694 lluc
401 5639 470 5696 adde
493 5637 618 5714 Gregorii
643 5641 811 5700 Turonensis
826 5645 1020 5704 auctoritatem
1038 5643 1140 5703 diserte
1154 5645 1316 5704 affirmantis
1331 5644 1394 5722 (tib.
1411 5661 1421 5703 1
1436 5644 1468 5703 ab
1482 5643 1578 5705 Gloria
1591 5643 1675 5710 dfert.
1696 5657 1760 5716 cap.
1776 5637 1811 5697 tt
1823 5647 1854 5698 et
1868 5635 1919 5707 lli
