4052 6192
160 380 213 440 stt

612 383 843 441 BERENGAUDI
861 383 1048 443 EXPOSITIO
1067 385 1104 444 IN
1123 384 1373 446 APOCALYPSIN.

1767 392 1820 450 88²

159 506 265 580 jiciati
279 506 340 564 Non
362 506 435 563 enim
452 506 561 580 prodest
574 508 698 566 arborem
713 507 906 578 conscendere,
929 513 999 573 ntA
1017 519 1070 568 tem
1099 510 1257 570 intellectus
1281 513 1405 571 fidelium
1433 514 1589 572 intellectui
1619 516 1733 588 Christi,
1755 534 1820 577 cum

164 599 274 654 leonem
288 593 399 667 evadat,
414 597 437 654 si
452 605 606 670 serpentem
624 599 654 656 in
677 599 741 656 sinu
768 607 863 673 gestet,
886 597 966 671 cujus

163 705 273 746 veneno
288 696 391 763 pereat.
407 689 463 746 Nec
474 687 543 748 dicit
560 689 696 748 Dominus
714 689 797 746 illum
812 690 964 762 perlectum

163 795 233 848 esse,
259 779 306 852 qni
330 778 512 836 substantiam
534 780 725 838 tantummodo
739 780 895 849 dimiserit;
916 780 964 838 sed

163 885 228 925 enm
243 868 334 942 quiet
349 868 530 924 substantiam
540 869 688 939 dimiserit,
705 880 733 928 et
746 870 837 943 ipsum
852 878 965 929 secutus

161 957 259 1014 luerit.
284 957 430 1031 Sequimur
456 966 546 1015 autem
566 959 658 1026 illum,
682 960 961 1034 qnandoimitamur.

161 1049 207 1106 rld
222 1049 275 1106 hoc
289 1048 374 1120 igitur
397 1047 575 1121 perfectionis
592 1049 701 1106 culmen
726 1049 774 1122 ille
795 1050 962 1123 competenti

161 1137 249 1211 meda
263 1137 432 1206 conscendit,
448 1137 496 1210 qni
510 1137 587 1210 prius
599 1138 676 1194 vitiis
689 1137 902 1208 abrenuntiatis,
914 1155 962 1211 per

159 1225 296 1284 actualem
320 1226 405 1282 vitam
431 1243 491 1300 qua
515 1226 667 1285 virtutibus
683 1227 825 1302 perficitur
840 1227 911 1302 (34),
926 1227 961 1284 ad

159 1316 404 1390 contemplativam
431 1317 609 1386 conscendit,
633 1317 663 1373 in
691 1334 745 1392 qna
770 1317 822 1375 soli
850 1316 960 1374 Christo

158 1409 350 1482 conjungitur,
365 1407 412 1482 qni
426 1416 468 1466 est
480 1410 612 1482 sapientia
623 1397 722 1479 Patris,
741 1411 883 1486 Filiusque
897 1412 958 1483 Dei,

157 1506 186 1555 et
200 1497 271 1555 civis
283 1499 432 1556 Jerusalem
448 1499 567 1556 caelestis
580 1499 709 1557 efficitur.

193 1591 274 1648 Nunc
298 1590 417 1664 qualiter
452 1590 625 1648 descensioni
652 1590 757 1649 Christi
785 1608 833 1666 per
860 1592 959 1665 gradus

155 1685 261 1752 septem
283 1677 420 1735 donorum
443 1679 562 1752 Spiritus
585 1679 674 1736 sancti
692 1679 819 1737 ascensio
833 1680 958 1738 bdelium

1021 601 1129 658 easdem
1148 602 1265 658 virtutes
1281 619 1348 676 quas
1370 603 1460 676 ipses
1481 603 1586 676 Spiritu
1612 622 1662 662 suo
1686 609 1820 682 percepit,

1020 690 1126 747 easdem
1138 699 1165 748 et
1177 691 1264 749 saneti
1280 691 1338 766 ejus
1351 693 1385 749 ab
1403 693 1462 766 ipso
1476 693 1614 768 percipere
1630 705 1779 756 merentur.

1055 776 1163 836 Primus
1184 780 1370 837 descensionis
1393 780 1497 840 Christi
1519 781 1618 854 gradus
1641 793 1682 840 est
1703 786 1818 858 sapien-

1018 867 1067 937 tia,
1097 876 1123 924 et
1145 869 1279 941 septimus
1300 870 1468 926 ascensionis
1495 870 1640 939 lidelinm;
1655 873 1720 947 quia
1739 875 1817 934 Chri·

1018 963 1077 1012 stus
1102 964 1143 1013 est
1170 958 1305 1029 sapientia
1319 958 1417 1028 Patris,
1436 967 1463 1015 et
1482 959 1516 1015 ab
1530 959 1591 1032 ipso
1605 961 1696 1018 omnis
1711 964 1817 1036 sapien·

1018 1045 1054 1102 tia
1070 1045 1168 1102 oritur.
1184 1046 1277 1103 Sancti
1292 1047 1378 1120 igitur
1396 1048 1444 1120 qui
1460 1064 1509 1121 psr
1522 1049 1709 1122 operationem
1729 1051 1817 1109 virtu·

1017 1125 1077 1189 tum
1100 1135 1220 1191 Domino
1247 1137 1423 1206 copulantur,
1446 1136 1480 1193 ab
1503 1137 1563 1210 ipso
1586 1139 1760 1210 sapientiam,
1786 1141 1816 1198 in

1017 1239 1070 1296 qna
1097 1224 1183 1282 totins
1198 1225 1333 1283 bonitatis
1354 1242 1463 1283 summa
1488 1228 1625 1296 consistit,
1648 1229 1813 1304 percipiunt.

1016 1313 1123 1381 Quibus
1151 1315 1208 1386 ipse
1232 1331 1280 1388 per
1303 1316 1476 1373 Salomonem
1501 1317 1634 1390 loquitur,
1656 1319 1769 1377 diceus:
1785 1323 1814 1379 Si

1015 1404 1078 1476 quis
1099 1403 1192 1478 diligit
1215 1405 1388 1478 sapientiam,
1405 1406 1439 1464 ed
1451 1423 1495 1464 me
1511 1407 1641 1479 declinet,
1660 1418 1687 1467 et
1699 1427 1758 1467 mm
1774 1411 1814 1468 in-

1016 1492 1125 1550 veniet:
1143 1501 1242 1552 etcum
1259 1513 1321 1553 cum
1336 1496 1484 1568 invenerit,
1502 1497 1598 1555 beatus
1616 1505 1667 1570 est,
1682 1499 1706 1556 si
1719 1509 1814 1560 tenue·

1015 1581 1051 1638 rit
1065 1599 1125 1639 eam
1142 1583 1236 1656 (Prov.
1252 1601 1293 1654 nr,
1312 1587 1369 1658 13).

1051 1673 1142 1745 (Vere.
1158 1674 1199 1747 6.)
1226 1674 1371 1748 Sequitur:
1395 1678 1432 1734 ut
1458 1677 1642 1751 introspecta
1663 1679 1732 1736 sedis
1754 1687 1812 1736 ton·

156 1768 316 1836 conveniat,
341 1768 463 1825 breviter
493 1768 733 1826 demonstremus.
759 1769 879 1827 Ultimus
906 1771 959 1828 de-
1013 1777 1094 1835 twm
1108 1762 1319 1832 maltildem,
1344 1763 1428 1820 “mile
1442 1765 1578 1836 vrttlssllO·
1604 1766 1634 1821 11¹
1649 1767 1751 1839 tttlltllo
1766 1766 1811 1824 Sa·

153 1856 309 1914 scansionis
330 1855 433 1914 Christi
457 1857 557 1929 gradus
571 1865 612 1914 est
633 1857 717 1914 tiator
740 1857 801 1927 Dei,
816 1875 957 1932 perquem
974 1871 998 1933 Β
1014 1849 1134 1908 lordonis
1160 1867 1234 1907 mare
1252 1867 1359 1908 {cneum
1373 1851 1457 1908 luisse
1473 1853 1600 1925 legimus,
1619 1853 1649 1909 in
1664 1871 1717 1928 quo
1730 1857 1812 1912 lava-

155 1947 312 2021 passionem
327 1953 355 2002 et
370 1954 486 2002 mortem
503 1944 562 2018 ejus
575 1945 701 2002 diximus
719 1945 805 2004 inisse
825 1946 958 2020 designa-
1013 1940 1115 1997 bantur
1133 1940 1298 2008 sacerdotes,
1323 1947 1470 2014 antequam
1492 1944 1653 2000 accederent
1667 1943 1701 2000 ad
1714 1945 1810 2014 altare,

155 2045 225 2104 tam,
239 2043 268 2092 et
281 2035 563 2109 primusascensionis
577 2035 611 2091 ad
624 2037 710 2092 Deum
721 2037 955 2096 convertentium,
1010 2029 1045 2085 ad
1071 2028 1175 2086 hostias
1198 2029 1350 2086 offerendas
1376 2032 1420 2102 (ll
1438 2033 1534 2089 Parui.
1551 2049 1589 2102 tv,
1605 2034 1652 2105 6):
1669 2034 1811 2092 aerisvero

154 2125 291 2198 Congruit
306 2133 397 2182 autem
413 2143 487 2182 mors
506 2125 619 2182 Domini
632 2124 677 2194 iis,
695 2126 743 2200 qui
758 2141 806 2198 per
826 2124 956 2200 spiritum
1010 2117 1140 2190 splendor
1163 2118 1280 2192 quadam
1301 2118 1444 2192 nigredine
1466 2120 1521 2177 cito
1542 2121 1731 2179 obnubilatur.
1759 2125 1812 2181 Per

153 2216 266 2274 timoris
280 2215 391 2274 Domini
414 2222 524 2286 peccata
538 2230 587 2270 sua
601 2213 804 2288 dellent;qnia
818 2213 847 2270 in
867 2222 956 2272 morte
1010 2223 1085 2265 mare
1110 2209 1203 2283 itaque
1230 2217 1336 2266 aueum
1361 2211 1408 2267 lex
1436 2211 1526 2284 Moysi
1554 2211 1724 2285 designatur,
1749 2231 1810 2289 quae

153 2305 269 2363 Domini
298 2304 423 2362 remissio
449 2303 576 2362 consistit
604 2303 729 2360 omnium
754 2311 952 2376 peecatornm;
1009 2298 1141 2372 fulgerem
1167 2299 1300 2372 spiritalis
1324 2299 1515 2373 intelligentie
1543 2300 1638 2358 littero
1665 2303 1809 2376 nigredine

152 2412 206 2454 nec
218 2397 339 2470 perlecta
353 2395 477 2452 remissio
490 2402 662 2468 peccatorum
678 2410 736 2452 esse
751 2401 852 2468 posset,
868 2393 893 2450 si
906 2393 954 2451 ille
1010 2388 1150 2446 obscurat.
1165 2389 1200 2444 Et
1211 2389 1282 2446 sicut
1296 2407 1343 2460 aes,
1359 2390 1383 2448 si
1394 2391 1461 2448 lima
1474 2399 1590 2458 teratur,
1605 2391 1736 2466 splendor
1749 2392 1808 2467 ejus

154 2501 204 2558 pro
221 2485 301 2542 nobis
318 2491 444 2541 mortuns
458 2499 514 2540 non
529 2483 636 2540 fuisset.
1008 2480 1130 2552 aperitur
1143 2498 1149 2549 ;
1175 2478 1213 2535 ita
1227 2487 1255 2536 et
1267 2481 1399 2554 spiritalis
1413 2481 1608 2554 intelligentia,
1626 2499 1686 2556 que
1708 2483 1807 2540 littere

189 2574 290 2631 Sextus
315 2573 503 2631 descensionis
522 2572 625 2631 Christi
640 2569 740 2644 gradm
761 2577 802 2628 est
816 2570 912 2643 pietas,
926 2581 954 2630 et
1007 2570 1151 2643 superficie
1171 2570 1333 2629 obscuratur
1358 2573 1387 2628 in
1411 2573 1478 2646 lege,
1503 2573 1526 2629 si
1549 2573 1709 2631 alidelibus
1737 2575 1806 2631 viris

151 2667 291 2726 secundus
303 2668 471 2726 ascensionis
485 2666 691 2740 paenitentiam.
712 2665 846 2739 Congruit
861 2672 952 2722 autem
1007 2657 1158 2732 diligentes*
1177 2659 1352 2730 discutiatur,
1374 2677 1422 2734 per
1443 2662 1557 2734 gratiam
1576 2664 1625 2720 Dei
1641 2663 1805 2720 manifesta-

148 2759 240 2833 pietas
254 2759 377 2816 iidelium
390 2775 452 2817 cum
469 2759 570 2832 pietate
579 2758 689 2814 Domini
702 2776 709 2827 ;
724 2757 789 2831 quia
800 2757 847 2814 ille
859 2756 952 2830 iisqui
977 2829 979 2834 Ι
1006 2753 1061 2804 tur.
1078 2749 1109 2804 ¹¹¹
1123 2747 1177 2807 ¹¹⁰0
1191 2749 1276 2821 igilur
1290 2749 1358 2805 masi
1374 2750 1528 2808 ὅόὒθῐᾶθῑθθ
1541 2750 1723 2822 lavabasslurt
1738 2753 1805 2825 quia

148 2848 951 2918 secuudumanimamerantmiseri,misericordiamsuam
1005 2836 1199 2910 persassrificia
1218 2845 1245 2894 et
1259 2854 1307 2910 per
1321 2837 1451 2912 (lutetiam
1474 2838 1680 2898 observationes
1705 2841 1803 2916 legales

149 2945 297 3021 impendit,
322 2946 356 3002 ab
378 2956 481 3005 aeterna
495 2953 582 3004 morte
596 2963 646 3003 sua
662 2954 749 3004 morte
760 2962 808 3002 eos
819 2946 948 3014 liberans,
1005 2927 1129 3028 quedem
1140 2936 1249 3000 P⁴³⁰⁰³i³
1261 2929 1361 2986 V⁰²0li⁵
1371 2929 1465 3002 l>⁰l³¹¹¹i
1480 2929 1652 2988 delebassiffl·
1668 2931 1803 2990 Plrfflarfl

146 3049 176 3096 et
190 3039 237 3096 isti
254 3038 289 3094 iis
306 3039 353 3112 qni
366 3038 518 3096 secundum
538 3055 638 3112 corpus
657 3045 722 3094 sunt
741 3037 846 3106 miseri,
862 3037 950 3094 mise·
1004 3032 1068 3090 “80
1089 3020 1482 3093 Vlll⁰¹¹ffl³²q¹10⁰fl⁸²i¹¹¹1ffl
1499 3037 1554 3078 ¹¹0ss
1576 3022 1804 3082 issfflsslessiessoer

148 3126 298 3184 fpoergiam
322 3127 381 3200 (35)
396 3127 570 3200 impendum,
591 3126 731 3200 largiendo
746 3127 785 3184 eis
800 3141 948 3198 corporum
1002 3105 1111 3162 Novum
1120 3105 1324 3164 Testamentum
1338 3108 1512 3182 intelligitur.
1523 3110 1554 3166 ln
1569 3109 1722 3170 hocantem
1734 3113 1802 3172 mari

146 3218 312 3287 necesaria,
339 3217 439 3290 quibus
466 3219 494 3275 in
515 3218 622 3290 judicio
647 3217 705 3290 ipse
737 3217 863 3275 dicturus
886 3224 946 3273 est:
966 3203 1056 3294 Gilia
1077 3202 1247 3273 invenimus,
1272 3222 1358 3274 male,
1382 3207 1498 3275 illrum,
1523 3215 1604 3282 ³quss
1626 3210 1799 3284 (diffluum,

153 3309 262 3378 «onos
275 3309 324 3366 um
339 3325 374 3365 ex
397 3309 521 3366 minimis
535 3307 603 3365 meta
619 3305 733 3375 fecistis,
752 3306 822 3364 mini
843 3306 947 3364 seorsis
1001 3309 1050 3366 rer
1064 3311 1138 3352 mare
1152 3294 1237 3368 icitur
1251 3295 1378 3366 historia,
1398 3315 1446 3372 per
1461 3301 1565 3358 vitrum
1583 3303 1696 3359 montis
1714 3302 1802 3361 intel-

147 3401 257 3472 (Maru.
273 3418 340 3470 xxv,
355 3399 413 3473 te).
428 3425 439 3448 »

183 3492 305 3561 Quintus
328 3488 516 3548 descensionis
528 3488 632 3548 Christi
654 3487 753 3562 gradm
766 3495 807 3545 est
821 3487 945 3554 scientia,

146 3591 174 3639 et
202 3581 302 3638 tertius
332 3581 501 3639 ascensionis
533 3579 667 3636 tidelium.
694 3577 830 3635 Convenit
855 3587 945 3636 autem

145 3667 265 3741 spiritns
290 3667 412 3725 scientias
439 3667 486 3741 qui
514 3665 643 3724 fidelibus
660 3665 751 3734 datur,
769 3681 831 3723 cum
847 3664 947 3739 spiritu

145 3755 283 3826 scientias,
300 3756 349 3830 qni
363 3755 471 3813 homini
490 3755 601 3814 Christo
615 3755 723 3812 oblatus
739 3763 794 3824 est;
814 3755 880 3828 quia
900 3755 947 3812 ille

146 3853 177 3902 nt
192 3855 351 3917 peccatores
368 3846 460 3902 salvos
474 3845 585 3913 iaceret,
603 3844 781 3917 semetipsum
801 3843 858 3900 illis
875 3859 947 3902 con-

145 3931 269 3990 formare
296 3950 352 3991 non
382 3942 422 3992 est
448 3933 630 4006 dedignatus:
658 3941 685 3991 et
711 3931 769 4001 isti,
790 3941 820 3989 nt
837 3939 947 4006 peecata

145 4023 278 4094 evadant,
294 4025 403 4082 adeum
419 4040 468 4097 per
489 4024 617 4097 spiritum
633 4023 755 4082 scientias
769 4023 946 4096 confugiunt,

145 4113 195 4186 qui
210 4121 372 4186 potestatem
388 4111 471 4169 habet
485 4111 643 4169 dimittendi
661 4118 779 4184 peccata.

181 4202 305 4269 Querens
326 4201 513 4260 descensionis
536 4200 639 4260 Christi
658 4199 757 4273 gradus
775 4205 816 4255 est
830 4198 947 4256 tortitu-

143 4293 194 4363 do,
216 4300 244 4350 et
258 4303 372 4368 quartus
386 4292 519 4350 similiter
537 4291 705 4349 ascensionis
718 4289 853 4347 fidelium.
869 4288 947 4346 Con-

142 4384 223 4458 gruit
236 4391 327 4440 entem
347 4383 483 4441 tortitudo
503 4382 627 4438 fidelium
651 4379 809 4436 fortitudini
824 4377 944 4446 Christi;

142 4473 213 4548 quia
229 4489 263 4529 ea
279 4473 441 4531 tortitudine
464 4472 511 4528 isti
536 4471 653 4528 vincunt
675 4468 828 4535 diabolum,
852 4473 947 4544 quaet

142 4561 278 4622 Christus
286 4562 365 4632 vicit,
376 4561 540 4620 tortitudine
550 4559 680 4617 videlicet
690 4558 803 4627 Christi,
816 4573 871 4614 non
884 4574 943 4627 sua3
960 4591 986 4651 D

142 4651 221 4708 sicut
248 4655 306 4724 ipse
328 4651 417 4710 dicit:
450 4650 540 4708 «Sine
555 4665 598 4706 me
621 4646 692 4706 nihil
720 4645 834 4720 potestis
857 4645 945 4704 lacere

142 4729 241 4814 (loca.
261 4758 310 4811 xv,
325 4741 366 4813 5).
387 4765 397 4790 ·

181 4839 292 4897 Tertius
312 4839 500 4898 descensionis
522 4838 627 4898 Christi
653 4838 751 4912 gradus
772 4845 813 4898 est
834 4836 948 4911 spiritns

139 4929 270 4998 consilii,
295 4937 322 4987 et
347 4929 462 5004 quintus
484 4929 653 4988 ascensionis
674 4921 809 4987 fidelium.
827 4927 947 5001 Conjnn·

140 5021 222 5092 gitur
250 5028 340 5078 auum
366 5019 515 5079 consilium
546 5019 669 5077 fidelium
694 5019 811 5076 consilio
832 5019 947 5088 Christi,

139 5127 211 5170 cum
235 5112 269 5168 ad
292 5120 429 5185 praccepta
452 5111 597 5184 Evangelii
619 5110 753 5168 servanda
782 5127 811 5168 se
833 5112 947 5169 tranare

141 5205 226 5268 runt,
249 5201 278 5257 in
294 5201 394 5273 quibus
418 5199 570 5274 perlectum
586 5199 735 5258 consilium
750 5197 877 5257 consistit
890 5216 947 5258 om·

140 5289 225 5348 nium
238 5296 406 5347 sanctorum.

182 5385 328 5445 &condus
339 5386 526 5446 descensionis
540 5385 645 5444 Christi
661 5385 761 5458 gradus
775 5390 816 5442 est
832 5383 949 5442 intelle-

140 5483 218 5544 ctas,
239 5482 268 5532 et
286 5484 382 5534 sextus
412 5475 581 5534 ascensionis
602 5473 738 5534 fidelium.
753 5474 890 5549 Congruit
901 5490 947 5531 aa·

181 5675 242 5751 (ut)
262 5677 457 5752 Fragmentum
471 5675 557 5746 hod,
573 5693 632 5750 gata
645 5675 791 5734 virtutibus
802 5677 946 5752 proficit...

140 5749 295 5808 amusan
305 5749 413 5808 rubetis
423 5749 574 5826 perficitur.

1002 3384 1126 3457 ligantia,
1141 3401 1189 3458 per
1203 3387 1364 3459 crystallum
1384 3397 1475 3446 autem
1495 3390 1629 3464 spiritalis
1643 3391 1802 3466 intelligen-

1001 3473 1040 3528 tia
1063 3473 1230 3546 designatur.
1253 3477 1305 3534 Per
1332 3479 1437 3534 vitrum
1461 3495 1536 3553 ergo,
1558 3496 1667 3553 exque
1691 3483 1802 3555 specula

1001 3561 1083 3632 liunt,
1099 3579 1155 3620 non
1170 3565 1321 3640 incongrue
1337 3569 1800 3646 moralisintelligentiaaccipitur;

1001 3654 1066 3729 quia
1083 3654 1155 3713 sicut
1174 3655 1258 3714 homo
1276 3658 1413 3732 quidquid
1437 3669 1517 3734 turpe
1535 3661 1565 3718 in
1585 3661 1655 3720 iacis
1676 3661 1756 3735 gerit,
1771 3663 1801 3720 in

1001 3743 1113 3818 speculo
1129 3743 1333 3818 deprehendere
1352 3757 1457 3822 potest:
1479 3750 1555 3808 itaet
1569 3750 1705 3826 quidquid
1719 3750 1801 3808 ritic-

1001 3851 1062 3891 sum
1077 3836 1106 3892 in
1117 3837 1261 3896 animabus
1280 3839 1425 3897 hominum
1441 3855 1499 3898 esse
1517 3848 1621 3914 potest,
1634 3839 1801 3900 moralis'in·

1001 3923 1153 3997 telligentia
1176 3927 1316 4000 patefacit.
1346 3929 1397 3985 Per
1424 3931 1587 4003 crystallum
1611 3938 1800 4004 cutemque

1001 4011 1102 4070 clarior
1116 4022 1157 4071 est
1177 4016 1308 4074 omnibus
1322 4018 1447 4091 gemmis,
1463 4025 1491 4076 et
1504 4036 1563 4092 qnae
1577 4019 1799 4093 flammassplen·

1001 4099 1085 4173 doris,
1101 4105 1262 4176 saepeetiam
1281 4114 1308 4163 et
1322 4106 1413 4179 ignem
1428 4106 1462 4165 ds
1472 4123 1501 4164 se
1515 4107 1640 4164 emittere
1654 4109 1734 4176 solet,
1745 4107 1800 4181 spi·

1001 4187 1089 4248 ritalis
1114 4193 1298 4268 intelligentia
1314 4197 1492 4270 exprimitur,
1513 4213 1574 4270 qnae
1587 4195 1703 4254 obscura
1719 4213 1800 4272 qure-

1001 4299 1053 4355 que
1076 4281 1106 4338 in
1129 4283 1234 4340 divinis
1248 4283 1397 4361 Scripturis
1411 4285 1543 4352 elucidat,
1565 4295 1670 4344 mentes
1684 4287 1799 4361 spirita-

1002 4369 1071 4428 lium
1085 4387 1215 4428 sensuum
1225 4371 1345 4429 flammis
1359 4373 1511 4444 illuminat,
1527 4374 1660 4450 quosdam
1671 4377 1754 4433 etiam
1770 4377 1800 4436 in

1000 4477 1121 4519 amorem
1132 4460 1182 4517 Dei
1197 4476 1373 4534 amoremque
1395 4463 1514 4522 coelestis
1540 4466 1635 4540 patries
1663 4467 1798 4526 accendit.

1035 4563 1071 4617 ut
1097 4560 1126 4617 io
1153 4561 1238 4618 medio
1263 4562 1331 4619 ardu
1352 4570 1376 4620 et
1397 4563 1426 4619 in
1449 4563 1562 4621 circuitu
1589 4565 1657 4622 redis
1684 4573 1801 4639 quotuor·

999 4651 1131 4708 animalia
1149 4653 1230 4724 plenu
1251 4653 1334 4710 oculis
1355 4661 1418 4710 oute
1440 4659 1465 4711 et
1477 4661 1560 4714 retra.
1575 4655 1634 4714 Hoc
1648 4655 1799 4716 secundum

1001 4747 1147 4806 historiam
1170 4759 1242 4808 stare
1264 4766 1318 4807 non
1343 4759 1452 4825 potest;
1467 4769 1556 4826 neque
1569 4753 1643 4812 enim
1656 4752 1730 4811 516
1742 4764 1800 4814 tam

1002 4856 1103 4912 parvus
1118 4858 1249 4900 numerus
1270 4851 1297 4901 et
1315 4844 1450 4902 ambitum
1471 4844 1555 4914 sedis,
1577 4852 1604 4904 et
1626 4846 1799 4906 medietatem

1002 4929 1127 4988 obtinere
1146 4939 1252 5006 poterat
1265 4953 1271 4991 :
1286 4934 1334 4990 sed
1353 4933 1734 5010 spiritaliterintelligendum
1749 4945 1799 4994 est.

1002 5021 1126 5088 Quatuor
1145 5022 1230 5095 igitur
1250 5023 1383 5081 animalia
1398 5041 1454 5082 nou
1472 5026 1562 5084 solum
1584 5034 1702 5101 quatuor
1720 5044 1801 5086 evan·

1002 5111 1122 5183 gelistas,
1140 5111 1187 5168 sed
1201 5120 1229 5170 et
1241 5129 1338 5170 omnes
1352 5113 1480 5172 doctores
1493 5115 1633 5186 Ecclesia,
1647 5118 1695 5191 qni
1704 5133 1801 5175 eorum

1003 5199 1158 5258 doctrinam
1182 5209 1346 5276 sequuntur,
1367 5200 1520 5277 designant.
1549 5206 1581 5263 ln
1599 5205 1717 5264 circuitu
1736 5221 1801 5264 vero

1002 5293 1076 5351 sedis
1091 5301 1210 5369 quatuor
1229 5293 1362 5353 animalia
1379 5304 1471 5366 stam,
1490 5298 1554 5372 quia
1568 5297 1694 5356 doctores
1707 5297 1801 5355 Eccle·

1002 5383 1049 5442 aia
1064 5384 1198 5458 populum
1212 5383 1266 5443 sihi
1281 5387 1460 5444 commissum
1475 5394 1503 5442 et
1520 5403 1536 5442 a
1550 5386 1707 5444 visibilibus
1726 5394 1754 5443 et
1767 5385 1801 5445 ab

1003 5473 1192 5534 invisibilibus
1210 5475 1348 5546 hostibus,
1370 5484 1474 5552 quanta
1493 5475 1597 5534 virtute
1610 5481 1736 5550 pessunt,
1756 5475 1802 5534 de·

1023 5675 1104 5806 'Q'
1113 5675 1189 5734 Edit.
1204 5683 1228 5732 et
1244 5677 1288 5732 isti
1300 5676 1347 5747 gui
1359 5673 1502 5755 cuonradum
1521 5689 1616 5750 corpus
1630 5679 1703 5745 suat,
1718 5677 1801 5735 miae-

1003 5763 1075 5807 rtcot·
1094 5765 1169 5816 rom,·
1189 5765 1254 5806 mss.
1273 5756 1304 5805 ut
1317 5761 1368 5803 nos
1382 5761 1412 5802 tn
1427 5759 1550 5819 corpore.
