4078 6186
260 263 312 333 bid
771 261 819 330 Ad)
832 273 948 331 OPERA
966 267 993 328 S.
1013 269 1180 330 Auenosn
1197 262 1386 328 minuerit.
1844 260 1898 330 580

260 391 418 454 testimonio
440 393 484 454 his
511 397 667 469 persuaderi
690 414 718 454 se
743 399 881 468 patiatur3
905 397 1004 470 quippe
1019 411 1079 468 qne
1096 396 1240 454 levissimae
1252 405 1326 465 sunt,
1341 403 1389 453 aut
1401 411 1512 470 prorsus
1524 397 1617 452 nullae.
1635 397 1713 453 Certe
1729 395 1844 469 quidem
1858 399 1898 456 eis

260 485 380 556 persuasi
404 501 459 541 non
482 491 546 541 sunt
566 499 655 562 neque
675 485 847 542 llermannus
868 485 897 542 in
919 481 1059 542 Ambrosii
1085 485 1153 554 vita,
1176 501 1225 542 nec
1246 481 1407 553 Quenctlins
1426 484 1456 542 in
1480 482 1639 556 Appendioa
1654 482 1689 540 ad
1705 483 1795 556 Opera
1809 487 1896 544 sancti

259 572 359 630 Leonis
376 574 417 646 (in
430 571 671 646 Elucirlctioaibcs)
687 593 693 631 :
715 582 828 647 uterque
846 574 919 630 enim
936 573 1006 630 hauc
1015 574 1190 646 scriptionem
1206 575 1346 648 Gregorio,
1360 574 1537 632 Eliberitane
1552 571 1625 630 sedis
1639 571 1826 645 inprovinoia
1836 575 1895 633 Bue-

259 661 313 719 tica
339 662 478 736 episeopo,
493 663 642 736 ascriptam
654 664 753 720 volunt
768 662 889 735 (dissert.
906 657 950 732 tt,
966 679 1026 738 pag.
1044 663 1094 722 lte
1107 671 1135 720 et
1154 663 1228 735 720).
1247 663 1407 732 anrrellius
1421 663 1580 737 opinionem
1596 674 1673 720 suem
1687 669 1809 722 astrum
1820 665 1894 722 niti-

259 759 303 810 tur
324 750 368 808 his
388 751 562 812 rationibus:
586 752 611 810 t.
628 751 704 826 qnod
716 751 843 810 eumdem
859 751 961 810 librum
973 753 1008 809 ab
1019 759 1129 812 auctore
1150 753 1248 810 Latino
1266 755 1418 826 profectum
1433 763 1554 814 constet:
1571 753 1597 810 A.
1614 752 1689 826 quod
1706 753 1894 828 Hieronymus

258 839 291 900 de
307 837 437 914 Gregorio
451 841 599 900 Breticeusi
616 839 775 902 testificetur
789 842 828 899 De
841 842 907 900 Fide
919 842 1069 915 elegantem
1084 841 1210 900 libellum
1225 842 1260 900 ab
1274 857 1306 899 eo
1319 843 1512 916 scriptumne
1525 841 1649 914 scriptor.
1667 842 1826 916 cceiuiost.)
1844 862 1851 900 a
1869 843 1896 904 3.

258 928 332 1006 quod
354 924 426 986 idem
450 925 561 989 libellus
577 929 635 1006 jam
659 931 724 991 inde
738 933 772 990 ab
786 930 934 1007 Augustini
948 949 1008 989 evo
1020 932 1172 1006 pretulerit
1186 941 1325 992 auctorem
1339 932 1501 1008 Gregorium
1515 932 1646 1008 aliquem,
1662 933 1736 990 unde
1750 942 1778 990 et
1801 932 1892 992 eidem

257 1019 410 1095 Augustino
437 1019 546 1081 errandi
571 1021 642 1082 facta
662 1033 703 1082 est
727 1025 850 1083 occasio:
880 1023 907 1080 l.
932 1023 1006 1098 qnod
1034 1031 1226 1096 argumentum
1256 1024 1403 1084 conveniat
1425 1041 1489 1084 cum
1512 1030 1590 1084 etate
1618 1023 1744 1098 Gregorii
1770 1024 1898 1083 Elibori-

257 1109 324 1180 tani,
350 1114 548 1186 contraquam
574 1113 657 1170 etiam
680 1111 803 1171 irritatos
821 1109 1018 1187 imperatorum
1033 1112 1142 1171 animos
1164 1130 1221 1173 non
1241 1114 1418 1188 ignoramus:
1441 1113 1469 1172 li.
1490 1112 1602 1171 demum
1629 1111 1703 1186 quod
1724 1113 1777 1170 iste
1799 1121 1897 1172 auctor

257 1197 341 1256 trium
359 1195 543 1274 hypostaseon
563 1195 754 1262 defensoribus
775 1201 916 1262 infensum
936 1220 965 1261 se
990 1203 1119 1277 prebeat,
1142 1203 1217 1281 quod
1239 1204 1421 1264 Luciferiauis
1436 1203 1536 1282 quibus
1551 1201 1625 1260 idam
1643 1216 1673 1260 se
1686 1199 1846 1272 addixerat,
1860 1202 1891 1262 in

256 1299 308 1345 usn
321 1297 388 1346 erat.

293 1376 343 1436 llis
354 1377 519 1452 conjecturis
528 1379 636 1454 pondus
648 1399 728 1442 suum
743 1389 824 1458 atque
834 1392 1005 1442 momentum
1025 1397 1082 1440 csse
1094 1379 1335 1456 nonuegabimus;
1347 1377 1446 1456 quibus
1460 1387 1552 1438 umen
1567 1378 1615 1453 qui
1628 1362 1752 1438 'rrclnerit
1764 1395 1797 1438 ac
1807 1381 1897 1454 quies·

254 1481 327 1538 cere,
343 1467 438 1526 selem
454 1467 550 1544 opella
564 1485 646 1546 qnam
661 1469 854 1548 expendimus,
869 1473 1060 1547 antiquitatem
1068 1482 1096 1534 et
1109 1473 1271 1549 elegantiam
1285 1475 1315 1532 in
1326 1471 1442 1532 dubium
1457 1489 1512 1532 uon
1528 1469 1678 1542 revocabit,
1691 1473 1714 1533 si
1729 1469 1893 1530 considera-

255 1559 328 1617 verit
338 1557 414 1618 illam
434 1568 461 1620 ct
479 1559 621 1636 allegatam
635 1562 669 1621 ab
684 1563 849 1639 Augustino,
867 1567 894 1621 et
908 1565 993 1623 tantis
1007 1562 1107 1623 Grcecae
1123 1561 1280 1639 Latinaeque
1294 1563 1423 1622 Ecclesiae
1439 1559 1594 1621 luminibus
1608 1559 1764 1636 ascriptam.
1781 1561 1897 1622 Accedit

255 1657 386 1724 praterea
409 1649 482 1726 quod
506 1651 633 1712 avulsum
651 1665 686 1709 ex
700 1653 749 1710 illa
760 1653 945 1727 fragmentum
964 1652 1047 1727 libro,
1064 1654 1112 1730 qui
1127 1653 1200 1712 inter
1213 1652 1311 1711 Hilarii
1326 1651 1506 1712 Pictaviensis
1520 1669 1602 1729 opera
1616 1653 1808 1712 circumfertur
1825 1651 1891 1724 (lib.

255 1735 295 1796 Dc
306 1737 432 1798 Patrisct
444 1737 512 1798 Filii
526 1737 643 1798 unitate:
660 1753 769 1799 necnon
780 1740 899 1800 sermoni
920 1743 1013 1816 (serm.
1032 1739 1082 1802 lib
1096 1749 1152 1801 vet.
1163 1741 1242 1814 edit,
1254 1759 1329 1804 nunc
1345 1741 1407 1813 tlt,
1422 1741 1539 1818 append.
1554 1760 1620 1802 nov.
1636 1737 1728 1818 edit),
1743 1759 1821 1818 quem
1832 1741 1895 1801 diu·

254 1826 361 1888 tissime
376 1827 530 1904 Augustino
545 1827 751 1906 adjudicarunt,
766 1831 900 1892 inscrtum
914 1832 977 1894 fnit.

431 2149 584 2325 DE
652 2147 921 2322 FIDE
989 2141 1723 2319 ORTHODOXA

752 2449 1032 2574 cennas
1079 2447 1407 2582 tutanos.

1018 2649 1137 2724 etms

257 2807 340 3000 il
382 2793 531 3000 illl
573 2805 945 3008 ltllllllll
989 2805 1068 2998 ll
1121 2801 1893 3001 tiitltitlllllllllfi

862 3067 1284 3226 sneundune.

296 3357 571 3432 santonensem
583 3359 882 3422 biblii-Credimus
898 3355 927 3442 ln
941 3357 1040 3426 Deum,
1058 3357 1084 3420 A
1099 3351 1152 3413 sibi
1176 3359 1233 3414 tam
1261 3362 1419 3430 arroganter
1446 3371 1582 3418 summam
1609 3355 1742 3419 doctrina
1772 3357 1884 3420 caelesti
2012 3413 2013 3424 ,

255 3457 363 3521 Patrem
381 3459 608 3535 omnipotentem,
625 3459 748 3519 omnium
762 3459 915 3518 visibilium
930 3453 1045 3514 etluri·
1098 3447 1228 3516 aramei,
1250 3453 1282 3503 ut
1298 3451 1374 3520 putet
1390 3459 1420 3505 se
1433 3447 1526 3506 omnia
1538 3445 1669 3522 mysteria
1681 3443 1789 3523 liquida
1807 3465 1893 3508 ccm-
2012 3471 2013 3504 ;

256 3549 379 3608 sibilium
406 3550 549 3618 faetorem,
578 3551 605 3606 gt
632 3561 719 3608 unum
742 3547 892 3606 nominum
919 3553 1043 3604 nostrum
1099 3531 1231 3606 prehensa
1256 3535 1383 3605 retinere,
1408 3551 1470 3594 oum
1499 3535 1599 3596 Paulus
1623 3539 1763 3613 apostolus
1793 3536 1892 3597 dicat:
2012 3573 2013 3618 t

256 3634 348 3695 iesum
368 3630 508 3695 Christum
531 3633 634 3693 uilium
648 3635 710 3702 liei,
724 3637 819 3692 ustum
837 3635 871 3692 de
884 3633 963 3692 Patre
976 3633 1045 3692 uni·
1105 3621 1182 3690 ‘Qui
1196 3629 1345 3698 ergcputat
1355 3639 1384 3683 ⁸0
1398 3623 1504 3700 aliquid
1517 3626 1597 3696 scire,
1607 3624 1724 3686 necdum
1733 3625 1784 3686 scit
1794 3643 1891 3702 quem
2012 3623 2013 3706 ξ

256 3739 330 3793 cnm,
345 3722 399 3782 hoc
412 3729 464 3791 est,
477 3721 511 3778 de
527 3723 680 3780 substantia
693 3721 800 3780 Patriae
825 3723 912 3780 Deum
926 3717 960 3780 de
977 3719 1043 3793 Deo,
1080 3783 1082 3788 ,
1099 3708 1247 3769 &dmm
1276 3717 1399 3787 ⁰P⁰fi⁰ti
1423 3713 1494 3772 stibi
1522 3714 1550 3788 (Ι
1573 3713 1635 3774 Cot·
1664 3729 1726 3786 illl,
1749 3711 1798 3788 A):
1815 3738 1825 3766 ⁸
1852 3722 1892 3785 εἰ,

255 3810 350 3873 lumen
363 3809 397 3869 de
409 3807 523 3879 lumine,
536 3807 623 3868 Deum
638 3825 733 3868 verum
747 3811 781 3868 de
794 3807 852 3870 Deo
866 3823 941 3882 cere,
951 3817 1045 3868 natum
1106 3797 1212 3859 ‘modo
1236 3815 1283 3874 uer
1305 3804 1446 3877 speculum
1461 3804 1491 3861 in
1504 3803 1647 3878 enigmate
1662 3801 1799 3874 videmus,
1820 3807 1892 3860 tunc
2012 3849 2013 3872 t

256 3913 313 3962 non
339 3897 460 3960 fastum:
479 3899 564 3957 unius
592 3896 753 3958 snbstantias
775 3913 840 3960 sum
861 3899 950 3971 parre,
974 3899 1046 3975 quad
1100 3887 1170 3947 facie
1183 3887 1218 3947 ad
1231 3885 1329 3948 faciem
1345 3891 1375 3963 (f
1390 3891 1527 3964 Commta,
1544 3892 1617 3965 12).»
1639 3889 1689 3951 Sin
1703 3907 1769 3950 vero
1782 3889 1894 3950 cunetis
2012 3885 2013 3892 ’

253 3985 345 4052 'Graeci
373 3987 470 4049 dicunt
494 3991 648 4072 aptatas„
680 4003 728 4063 per
754 4003 836 4065 quem
864 3987 957 4048 omnis
977 3985 1048 4048 issu
1102 3975 1205 4048 omnia,
1231 3991 1293 4052 quae
1318 3977 1378 4036 illic
1391 3980 1493 4054 scripta
1508 3991 1594 4052 amnt,
1608 3981 1690 4054 juxta
1704 3977 1786 4039 fldem
1802 3995 1898 4037 veram

256 4096 330 4158 gum,
359 4083 418 4146 give
441 4099 503 4164 qua
520 4087 551 4147 gn
571 4085 651 4161 ωηο,
676 4083 734 4146 ,sve
753 4101 812 4162 (μω
834 4085 863 4147 pn
883 4090 976 4156 germ
1000 4084 1048 4160 qui
1102 4071 1226 4123 constare
1258 4066 1427 4137 viderentur,
1453 4075 1513 4126 turn
1529 4077 1557 4127 et
1578 4067 1637 4144 ipse
1661 4067 1817 4142 petentibus
1840 4079 1898 4124 non

256 4181 368 4253 propter
390 4189 442 4236 nea
468 4173 605 4248 homines,
629 4185 655 4236 et
677 4182 787 4252 propter
801 4183 920 4233 nostram
934 4173 1048 4236 salutem
1103 4163 1222 4259 mimi·
1247 4157 1326 4258 Quid
1349 4157 1465 4216 inmiti
1479 4157 1576 4218 Ῑθῦῑδῦθ
1593 4155 1834 4260 manifestastis&
1862 4153 1898 4211 Ei

257 4265 408 4340 descendit,
434 4279 463 4328 et
487 4267 644 4328 incarnatus
672 4273 723 4338 est,
747 4274 774 4325 et
794 4265 878 4324 bomo
898 4263 1048 4334 iactnsest,
1101 4259 1169 4320 (1³¹³
1195 4259 1238 4304 Μ
1263 4247 1347 4321 (118Πὸ
1372 4255 1429 4306 tem
1453 4248 1596 4308 ttih0¹itae
1619 4246 1797 4314 0⁰¹tf0⁸⁸¹⁰¹112
1813 4257 1898 4319 pam

256 4369 351 4431 passus
370 4362 422 4426 est,
439 4355 589 4416 resurrexit
603 4357 684 4417 tertia
697 4353 751 4427 die,
767 4351 890 4415 ascendit
903 4349 937 4412 ad
954 4355 1048 4425 celos,
1103 4337 1175 4400 ³4⁸
1204 4333 1338 4394 haefflfiffl
1361 4337 1544 4412 ¹⁰⁸l⁰¹¹⁸i⁰¹1b
1569 4333 1763 4396 unll0t³⁰f¹1ffl
1787 4329 1898 4408 inditi&

256 4442 321 4503 inde
346 4451 482 4501 venturus
508 4451 549 4503 est
575 4441 699 4518 tuntcsrs
722 4443 802 4504 vivos
824 4449 851 4504 et
865 4449 1004 4502 mortuos:
1022 4447 1050 4502 et
1103 4429 1236 4492 aestimate
1258 4439 1309 4503 tsi,
1333 4431 1416 4494 multi
1436 4447 1499 4494 cum
1519 4432 1666 4508 collegere
1681 4429 1725 4492 vel
1740 4425 1899 4490 describere
2012 4445 2013 4512 j

257 4539 391 4612 Spiritum
419 4546 553 4599 sanctum.
583 4539 638 4600 Eos
664 4550 754 4599 autem
783 4541 831 4616 qui
853 4537 1050 4599 dicunt1Erat
1102 4524 1259 4582 willeriud·

258 4625 368 4702 quando
392 4639 449 4685 non
477 4636 545 4700 erat,
570 4631 597 4688 et
623 4631 781 4705 priusquam
808 4639 973 4700 nasceretur,
994 4645 1050 4687 non
1138 4621 1191 4680 Sed
1212 4638 1268 4680 110ss
1290 4617 1379 4682 defuit
1392 4621 1440 4698 qui
1458 4621 1503 4683 vel
1517 4637 1568 4699 pro
1581 4623 1674 4684 studio
1693 4622 1837 4690 doctrine,
1853 4617 1899 4682 cel

257 4725 323 4784 erat,
348 4723 375 4774 et
398 4713 569 4790 mutabilem,
585 4717 629 4777 vel
643 4713 852 4777 convertibilem
868 4733 925 4776 esse
943 4717 1047 4776 filiurn
1063 4719 1150 4786 Bpro
1175 4711 1317 4768 charitatis
1342 4707 1443 4780 officio,
1464 4727 1496 4772 ee
1524 4727 1616 4787 quasa
1637 4712 1717 4770 nobis
1731 4710 1805 4769 dicta
1820 4715 1898 4780 sunt,
2012 4715 2013 4730 ¹

256 4801 327 4874 Dei;
345 4801 397 4863 bot
409 4805 621 4867 anathematisat
640 4805 774 4868 catholica
790 4815 817 4866 et
835 4807 984 4884 apostolica
1000 4807 1050 4866 Ec·
1104 4799 1292 4874 ttrulsslffiisss
1305 4805 1478 4872 ῐθῑΐὸῦῑθῐθῑὲ
1496 4810 1526 4860 et
1538 4797 1662 4877 assiam
1676 4799 1723 4858 1¹1⁰
1737 4797 1781 4856 Vssl
1797 4815 1902 4872 super*

256 4893 348 4954 ciceia.
365 4898 464 4954 Amen.
1104 4887 1170 4959 flua,
1183 4888 1228 4946 vel
1242 4885 1370 4964 ambigua
1385 4887 1499 4962 diceret,
1514 4907 1574 4968 que
1588 4890 1669 4950 aliter
1682 4897 1793 4966 possent
1807 4905 1824 4945 a
1837 4887 1901 4962 qui·

261 4995 265 5004 ·
291 4982 483 5045 recuccus.
498 5013 534 5029 -
548 4985 650 5046 amors
677 4987 819 5048 arnonae
845 4985 909 5047 nasa
941 4985 1048 5059 auctus,
1104 4975 1231 5049 busdam.
1257 4993 1338 5054 quam
1365 4995 1381 5038 a
1404 4979 1639 5052 medietatum.
1663 4969 1900 5054 separarum

254 5069 419 5149 iampridem
448 5068 579 5132 adversus
602 5072 718 5134 Arianos
742 5073 866 5138 libellum
887 5073 1046 5148 edideram,
1105 5085 1199 5130 rursm
1217 5087 1248 5129 ea
1264 5071 1322 5148 ipsa
1346 5071 1465 5146 planiori
1480 5089 1606 5134 ermeno
1619 5073 1648 5131 in
1663 5071 1717 5133 boc
1735 5067 1832 5130 libello
1848 5065 1900 5126 di-

257 5176 339 5238 qnem
358 5175 422 5221 cum
433 5161 523 5220 amico
543 5160 688 5237 legendnm
707 5163 852 5236 dedissem,
870 5165 934 5240 qnia
948 5165 1054 5241 placuit
1105 5161 1186 5234 tissi,
1209 5167 1239 5218 ut
1262 5171 1289 5220 ⁰²
1302 5160 1507 5234 simplicitatem
1526 5179 1622 5224 sentit
1641 5160 1695 5222 mei
1709 5157 1899 5228 ostenderem·

255 5252 375 5315 credidit
388 5249 639 5312 transcribendum.
655 5257 742 5328 Aque
756 5255 809 5315 bec
823 5271 871 5330 ego
885 5269 1049 5330 magnopere
1104 5255 1131 5308 et
1144 5249 1304 5325 scrupulum
1322 5249 1474 5325 legentibui
1488 5262 1669 5330 amputarem.

256 5345 406 5422 postulavi,
433 5354 465 5403 ut
493 5345 603 5404 interim
631 5344 803 5406 dissimulato
824 5355 945 5418 anctore,
962 5347 1054 5408 doctis
1139 5349 1206 5408 Nam
1229 5349 1281 5407 hoc
1299 5351 1427 5426 estquod
1442 5353 1612 5428 aiuntposse
1626 5345 1801 5428 reprebendi,
1820 5345 1900 5423 quud

255 5433 325 5493 viris
347 5445 374 5493 et
397 5433 579 5510 prudentibus
593 5435 708 5512 legeret;
730 5441 760 5495 ut
774 5437 796 5494 si
813 5453 892 5512 quem
908 5435 1047 5510 movisset,
1103 5435 1151 5496 ubi
1175 5435 1296 5497 Verbum
1319 5439 1369 5500 Dei
1393 5459 1429 5502 cx
1454 5459 1570 5516 persona
1590 5441 1656 5502 Filii
1671 5440 1824 5518 posuimus,
1840 5439 1900 5496 tals

220 5599 227 5606 -
256 5522 332 5602 quod
346 5523 404 5583 illic
418 5521 636 5601 pinsantmlnns
652 5525 771 5602 positum
786 5528 942 5600 sideralem
959 5539 1048 5605 posset
1102 5525 1156 5586 hec
1170 5525 1284 5587 verbum
1306 5531 1458 5608 intelligere
1472 5543 1611 5612 putemus,
1626 5536 1707 5610 quale
1721 5526 1900 5607 grammatici

257 5609 443 5683 plurimorum
459 5615 577 5678 oonsilio
591 5617 741 5678 emendari.
758 5617 843 5682 Nemo
857 5629 898 5679 cst
913 5619 987 5678 enim
1000 5619 1048 5695 qui
1104 5619 1217 5681 tradunt
1235 5622 1334 5695 spiritu
1354 5623 1410 5684 cris
1423 5641 1513 5687 aerem
1527 5627 1673 5695 cucusum,
1686 5618 1897 5694 intelligibilem
