4052 6192
111 321 165 382 853

557 318 789 378 sensualem
806 318 995 379 Expostulo
1014 319 1050 378 ΙΝ
1068 319 1322 380 Apocsulasnv.

1711 315 1766 384 Bhb

110 447 195 504 semel
211 444 240 500 in
255 444 310 514 dia,
328 443 517 502 sacerdotibus
538 461 598 501 eam
613 445 798 520 portantibus,
823 446 911 504 tubis·
927 449 953 510 Α
967 463 1079 504 cernere
1086 447 1225 516 deberent,
1235 449 1294 522 ipsa
1301 449 1346 506 lex
1355 448 1522 508 manifestat.
1534 451 1677 525 Prophetae
1686 466 1764 524 tere,
1788 469 1794 480 ·

109 551 164 610 que
188 533 364 604 canentibus,
386 550 417 591 ac
436 534 547 607 populis
566 533 744 613 sequentibug
767 536 858 608 (desae
871 554 911 607 vr,

109 625 208 699 c-te).
242 625 354 682 lericho
386 639 504 698 namque
537 639 619 682 omne
650 641 750 697 corpus
775 625 912 698 reprobo-

109 733 183 785 rum,
210 714 284 788 quod
306 722 348 771 est
370 714 470 771 civitas
491 713 606 782 diaboli,
620 713 759 788 designat:
776 731 824 788 per
839 716 912 775 lilios

108 821 177 862 vere
209 804 303 873 lsrael,
336 805 418 861 electi
445 803 637 878 designantur:
672 820 721 877 per
745 805 909 876 sacerdotes,

107 897 322 971 predicatores:
347 909 397 967 per
416 893 506 963 tubas,
536 894 663 951 doctrina
689 894 907 967 praedicationis:

107 1003 158 1061 per
180 986 312 1060 populum
333 999 398 1040 vero
411 984 458 1058 qui
480 999 526 1041 eos
549 983 724 1056 sequebatur,
735 999 829 1041 omnes
840 983 911 1056 justi

106 1075 302 1148 designantur,
324 1073 373 1148 qui
404 1089 500 1130 eorum
528 1073 682 1152 doctrinam
715 1074 908 1147 sequebantur,

106 1174 135 1223 et
158 1174 237 1224 actus
258 1165 457 1222 imitabantur:
483 1181 531 1238 per
558 1181 649 1222 arcam
664 1171 754 1220 autem
770 1181 851 1238 quam
864 1165 911 1221 le-

106 1256 216 1324 rebant,
232 1254 359 1312 Christus
376 1253 552 1328 intelligitur,
575 1254 622 1327 qui
646 1253 780 1311 asanctis
794 1254 823 1310 in
844 1269 911 1310 cer-

105 1345 191 1403 dibus
209 1359 309 1400 eorum
331 1343 464 1401 babitans
487 1351 621 1417 portatur.
651 1345 690 1400 De
718 1343 910 1417 predicatori-

105 1435 160 1492 bus
187 1440 279 1490 autern
308 1433 357 1506 qui
385 1441 446 1506 post
474 1433 578 1492 Christi
611 1432 761 1490 adventum
786 1433 909 1503 luerunt,

105 1525 181 1582 nulli
206 1523 420 1598 dubiumquod
444 1523 587 1582 Christum
613 1539 671 1580 non
697 1525 786 1580 selum
816 1524 910 1598 lingua

967 535 1001 592 ad
1011 552 1080 609 ques
1093 545 1206 610 quartus
1216 536 1349 596 circuitus
1357 537 1485 610 pertinet,
1497 537 1527 594 in
1537 547 1644 596 tantum
1655 549 1766 614 peccata

968 625 1124 697 principum
1135 625 1335 701 hominumque
1348 627 1498 700 impierum
1511 639 1675 702 spreverunt
1683 639 1766 706 atque

967 715 1214 788 reprehenderunt,
1229 726 1260 774 ut
1274 734 1325 790 pre
1340 717 1393 776 hec
1402 718 1514 791 quidam
1528 735 1622 776 eorum
1639 721 1763 793 lapidati,

967 804 1079 876 quidam
1090 805 1167 874 secti,
1176 805 1287 880 quidam
1299 823 1365 864 vero
1376 808 1406 864 in
1417 807 1555 866 occisione
1565 810 1650 881 gladii
1661 813 1763 870 mortui

966 892 1032 950 sint.
1042 893 1168 966 Apostoli
1184 911 1259 964 vero,
1270 903 1298 951 et
1309 896 1339 952 hi
1349 897 1396 970 qui
1412 912 1447 954 ex
1458 897 1561 956 ludaeis
1576 899 1762 972 crediderunt,

966 982 1000 1038 ad
1011 998 1080 1055 quos
1094 985 1207 1058 quintus
1225 985 1358 1043 circuitus
1371 987 1500 1060 pertinet,
1512 996 1614 1062 quanto
1628 991 1763 1052 studiose

966 1071 1001 1126 ab
1020 1071 1176 1130 infidelium
1199 1075 1356 1132 ludaeorum
1387 1076 1503 1134 consilio
1527 1088 1608 1152 atque
1634 1081 1763 1154 operibus

966 1162 1179 1234 segregaverint,
1192 1163 1279 1223 Lucas
1293 1165 1322 1222 in
1332 1165 1448 1224 Actibus
1457 1170 1643 1241 apostolerum
1657 1179 1760 1228 namet.

968 1247 1068 1306 Gentes
1096 1267 1161 1308 vere
1188 1252 1222 1309 ad
1250 1269 1317 1326 quas
1344 1262 1440 1312 sextus
1467 1256 1599 1316 circuitus
1631 1258 1761 1331 pertinet,

966 1347 1069 1412 quante
1090 1341 1187 1400 ardore
1207 1360 1235 1400 se
1255 1361 1272 1401 a
1295 1345 1426 1404 societate
1443 1347 1593 1421 impiorum
1622 1348 1762 1421 disjunxe-

965 1433 1033 1502 rint,
1056 1441 1192 1507 martyres
1207 1437 1333 1510 requisiti
1353 1439 1457 1497 dicant.
1472 1441 1611 1512 Septimus
1624 1457 1690 1498 vero
1710 1441 1762 1499 cir·

966 1522 1058 1580 cuitus
1080 1524 1114 1581 ad
1134 1540 1191 1594 ees,
1218 1527 1265 1600 qni
1290 1530 1461 1601 temporibus
1484 1529 1651 1588 Antichristi
1675 1529 1762 1587 futuri

104 1613 294 1688 predicando,
317 1629 414 1670 varum
442 1612 525 1670 etiam
553 1611 636 1670 corde
659 1611 798 1686 diligende
820 1622 909 1693 porta·
941 1619 1040 1681 .sunt,
1055 1613 1189 1686 pertinet:
1207 1614 1254 1671 sed
1267 1625 1295 1672 et
1308 1617 1350 1673 illi
1366 1619 1504 1692 quemodo
1518 1619 1696 1687 antichristi,
1711 1620 1761 1676 mi-

104 1712 219 1760 verunt.
234 1702 445 1776 llliautemqui
460 1701 687 1774 adventem·ejus
701 1710 909 1775 praecesserunt,
965 1701 1172 1777 nistrommque
1193 1703 1252 1776 ejus
1281 1705 1406 1764 devitent
1430 1707 1584 1780 perfidiam,
1613 1707 1672 1764 hic'
1692 1708 1763 1766 liber

105 1794 249 1869 quomode
274 1794 354 1850 illum
381 1793 584 1866 portaverunt?
607 1793 791 1850 Portaverunt
813 1793 910 1866 utique
925 1798 948 1860 Β
965 1791 1133 1850 manifestat.
1158 1792 1281 1866 Septimo
1308 1812 1372 1868 ergo
1398 1796 1442 1852 die
1467 1797 1702 1855 circumeuntibus
1721 1814 1761 1854 ss·

104 1894 133 1943 et
155 1884 219 1952 illi;
248 1899 311 1940 nam
335 1883 422 1958 aliqui
443 1899 539 1940 eornm
563 1898 624 1939 eum
653 1882 745 1940 verbis
772 1882 906 1955 predixe-
938 1886 1121 1943 'cerdetibus
1139 1903 1201 1944 cum
1218 1904 1280 1945 arca
1303 1888 1424 1959 iericho,
1440 1897 1521 1964 atque
1535 1889 1760 1959 vociferantibus,

104 1982 183 2043 runt,
209 1972 297 2048 aliqui
328 1973 409 2031 iactis
443 1973 688 2047 praesignaverunt.
723 1973 906 2042 Quarendum
962 1975 1034 2031 muri
1065 1975 1174 2034 leriche
1198 1977 1367 2047 ceciderunt,
1392 1979 1537 2052 omnisque
1560 1980 1677 2053 populus
1698 1997 1761 2039 cum

103 2080 174 2121 vero
197 2061 281 2120 nobis
308 2071 350 2120 est
372 2062 440 2136 quid
454 2063 588 2120 circuitus
602 2061 663 2131 iste,
679 2062 726 2136 qui
741 2078 790 2134 per
803 2071 907 2135 septem
962 2078 1024 2136 rege
1053 2079 1102 2119 suo
1126 2064 1289 2122 interiectus
1315 2074 1374 2134 est;
1404 2067 1469 2140 quia
1495 2067 1709 2140 praedicantibus
1731 2069 1761 2125 iu

102 2152 165 2209 dies
188 2152 279 2210 lactus
303 2160 354 2221 est,
374 2151 508 2224 designet.
533 2151 599 2208 Loci
619 2167 738 2226 namque
751 2168 833 2226 quem
855 2153 906 2210 cir·
961 2151 1017 2208 line
1048 2151 1147 2209 mundi
1183 2153 1410 2226 predicatoribus
1447 2156 1585 2226 veritatis,
1623 2157 1762 2230 finemque

102 2242 225 2310 cuimus,
241 2240 393 2314 ingressum
417 2241 593 2310 devitamus,
609 2257 672 2297 nam
692 2256 755 2298 cum
771 2242 906 2315 perviam
962 2239 1059 2298 mundi
1073 2242 1314 2312 annuntiantibus,
1325 2243 1418 2300 subite
1429 2243 1493 2300 finis
1506 2244 1605 2300 mundi
1620 2246 1760 2317 adveniet,

103 2333 256 2406 pergimus,
285 2332 309 2390 si
334 2332 442 2388 foveam
464 2339 512 2388 aut
537 2332 635 2389 limum
655 2332 835 2406 prolnndum,
859 2341 907 2390 aut
961 2329 1106 2404 omnisque
1138 2330 1237 2388 civitas
1261 2331 1366 2388 diaboli
1393 2331 1559 2403 destruetur,
1589 2343 1672 2408 atque
1697 2351 1759 2392 cum

102 2421 220 2494 aliquod
233 2422 386 2495 periculum
407 2420 575 2490 invenimus,
591 2419 789 2478 circumeundo
809 2421 832 2478 si
846 2438 905 2495 pes·
960 2417 1021 2491 ipso
1049 2419 1139 2492 capite
1157 2436 1208 2476 sue
1230 2418 1357 2476 diabolus
1381 2427 1512 2494 perpetua
1534 2430 1622 2480 morte
1641 2423 1761 2480 darana·
1795 2429 1800 2436 '

102 2527 212 2580 sumus,
241 2511 396 2584 ingressum
422 2507 481 2582 ejus
509 2505 674 2580 devitamus,
697 2518 728 2566 ut
751 2509 905 2582 periculum
960 2507 1045 2564 bitur.

102 2599 265 2656 evadamus.
303 2597 414 2656 iericho
451 2613 570 2671 namque
606 2597 766 2667 circuimus,
797 2597 821 2654 si
853 2599 906 2655 iter
995 2596 1123 2669 Legimus
1142 2598 1224 2655 etiam
1253 2598 1281 2654 in
1305 2598 1377 2655 libro
1397 2599 1523 2656 lodicum
1540 2599 1653 2656 Samson
1668 2600 1759 2657 sortis·

101 2689 171 2744 vite
194 2688 338 2760 presentis
361 2686 512 2745 secundum
536 2686 707 2744 veluntatem
727 2688 777 2744 Dei
791 2688 905 2761 perlici-
960 2685 1061 2742 simum
1084 2684 1212 2742 habuisse
1240 2691 1343 2757 septem
1370 2686 1459 2742 crines
1492 2687 1591 2758 (lodic.
1615 2705 1675 2757 xvr,
1700 2689 1757 2760 1³).

102 2793 184 2842 mns;
215 2792 278 2832 nam
301 2776 429 2848 quamvis
447 2791 510 2832 oum
532 2775 655 2848 reprobis
669 2775 835 2845 habitemus,
856 2776 906 2833 Je—
960 2773 1076 2838 Samson
1108 2773 1250 2831 Christum
1276 2773 1432 2846 significat:
1467 2791 1515 2847 per
1547 2775 1662 2848 capillos
1693 2793 1759 2834 vero

101 2867 184 2924 richo
205 2865 368 2934 circuimus,
389 2866 412 2922 si
433 2865 468 2922 ab
489 2881 583 2922 eorum
606 2863 788 2938 pravitatibus
816 2866 905 2922 absti-
959 2879 1055 2921 omnes
1071 2863 1150 2920 electi
1165 2862 1353 2936 designantur.
1369 2865 1404 2922 Et
1420 2865 1492 2922 sicut
1505 2865 1598 2938 capilli
1617 2866 1759 2924 adherent

101 2975 213 3016 nemus.
238 2959 278 3014 lie
302 2958 355 3016 hac
382 2957 547 3016 circuitione
570 2957 641 3014 mihi
669 2956 779 3015 videtur
801 2955 905 3013 dixisse
959 2952 1054 3026 capiti,
1085 2953 1124 3008 ita
1151 2960 1178 3009 et
1197 2968 1293 3008 omnes
1309 2951 1377 3024 justi
1401 2953 1542 3010 adherent
1569 2953 1691 3024 Christo,
1710 2955 1758 3029 qui

100 3047 268 3104 Psalmista:
291 3047 437 3108 ‹Circuivi
459 3055 487 3104 et
508 3047 652 3103 immolavi
675 3047 705 3102 in
727 3045 905 3103 tabernaculo
959 3053 1042 3117 caput
1065 3052 1106 3101 est
1124 3043 1249 3100 emnium
1273 3045 1423 3103 electorum
1436 3060 1550 3102 suorum
1564 3064 1570 3102 ι
1586 3045 1697 3102 etsicut
1715 3061 1758 3102 ca-

98 3404 283 3478 acceptahilis
304 3405 362 3462 Deo
383 3403 469 3460 heret.
494 3403 574 3462 blnlti
598 3402 671 3458 enim
687 3410 763 3472 sunt,
777 3402 826 3475 qui
838 3401 904 3458 assi·
958 3400 1218 3458 demonstravimus.

98 3494 157 3551 due
181 3493 294 3550 landant
318 3495 425 3550 Deum:
451 3492 498 3549 sed
523 3492 587 3564 quia
610 3491 679 3548 vitia
692 3508 708 3547 a
721 3507 751 3548 se
773 3490 905 3564 repellere
994 3490 1048 3547 Sed
1059 3498 1087 3548 et
1103 3491 1155 3548 hec
1169 3489 1243 3566 quod
1260 3491 1289 3546 in
1303 3489 1449 3547 Salomone
1462 3489 1596 3562 scriptum
1613 3497 1669 3546 est:
1688 3489 1755 3547 «Sa-

98 3583 216 3651 nolunt,
243 3598 339 3639 eorum
361 3580 530 3638 laudationis
542 3579 633 3637 hestia
652 3596 709 3637 nen
722 3587 764 3636 est
783 3588 904 3653 accepta·
958 3579 1063 3653 pientia
1087 3579 1235 3637 edificavit
1257 3579 1310 3636 sibi
1334 3578 1458 3648 domum,
1488 3577 1592 3635 excidit
1614 3579 1758 3636 columnas

98 3671 170 3728 bilis
196 3673 266 3728 Dee.
295 3671 388 3728 Prima
417 3670 503 3744 igitur
526 3669 655 3727 circuitio
675 3668 710 3726 ad
736 3685 783 3726 eos
802 3669 903 3742 justos,
959 3677 1062 3741 septem
1083 3669 1178 3741 (Pron.
1196 3685 1236 3737 nr,
1256 3669 1299 3742 l);
1322 3693 1332 3718 ι
1360 3675 1450 3741 petest
1473 3665 1540 3726 huic
1561 3675 1657 3725 nestro
1677 3668 1757 3724 iutel-

99 3759 152 3834 qui
173 3766 237 3816 ante
261 3758 401 3816 diluvium
418 3759 542 3827 luerunt,
563 3757 692 3830 pertinet,
716 3758 764 3830 qui
779 3757 830 3814 lilii
854 3757 904 3816 Dei
959 3756 1044 3815 lectui
1067 3757 1226 3815 convenire.
1248 3757 1387 3832 Sapientia
1404 3773 1523 3832 namque
1543 3755 1691 3814 aedificavit
1704 3755 1757 3814 sibi

100 3847 174 3905 dicti
196 3855 272 3904 sunt.
288 3847 435 3905 Civitatem
450 3847 536 3920 igitur
558 3846 668 3906 iericho
680 3845 777 3904 andiu
789 3845 903 3904 circuio·
959 3843 1083 3913 domurn,
1099 3845 1210 3918 quando
1224 3845 1359 3902 Dominus
1375 3853 1469 3902 nester
1488 3845 1566 3902 lesus
1582 3845 1711 3904 Christus
1723 3845 1758 3902 ab

101 3944 182 4006 runt,
209 3936 332 4014 qupndiu
354 3953 370 3993 a
393 3936 522 3994 societate
547 3936 727 4010 reproborum
755 3951 784 3992 se
811 3950 904 4008 seque·
959 3931 1041 3989 initio
1055 3932 1152 3989 mundi
1176 3949 1263 4007 usque
1285 3933 1320 3990 ad
1342 3935 1423 3991 finem
1439 3933 1499 4007 ejus
1512 3949 1548 3990 ex
1562 3933 1758 3991 numerositate

101 4031 275 4082 straverunt.
291 4026 439 4098 Postquam
461 4025 546 4100 igitur
573 4041 635 4084 arca
657 4025 717 4094 Dei,
733 4031 760 4081 et
786 4025 905 4098 populus
959 4021 1109 4078 electorum
1125 4022 1276 4103 Ecclesiam
1300 4022 1353 4080 sibi
1375 4023 1532 4080 construxit
1550 4029 1578 4077 et
1593 4029 1755 4080 construet:

100 4113 218 4172 Jericho
231 4113 372 4171 civitatem
397 4114 576 4183 circuierunt,
591 4112 626 4169 ad
640 4121 730 4172 castra
743 4112 903 4180 redierunt;
959 4111 1063 4170 excidit
1074 4113 1216 4171 columnas
1230 4121 1344 4187 septem,
1360 4112 1471 4187 quando
1485 4112 1521 4168 iis
1534 4119 1636 4185 septem
1654 4121 1757 4184 tempo·

100 4203 171 4277 quia
193 4203 382 4278 unusquisqne
401 4201 493 4276 justus
516 4202 689 4260 circuitionis
712 4219 767 4258 suae
781 4209 905 4274 ternpore
959 4202 1036 4259 ribus
1049 4202 1251 4276 praedicatores,
1265 4203 1314 4277 qui
1327 4203 1444 4275 singulis
1466 4199 1636 4275 temporibus
1657 4215 1756 4257 cenve-

100 4293 227 4366 expleto,
242 4301 303 4365 pest
317 4301 434 4350 mortem
446 4292 481 4349 ad
496 4293 653 4351 societatem
668 4292 828 4361 electorum,
844 4307 905 4365 qua
959 4290 1062 4360 nirent,
1077 4292 1106 4348 in
1120 4293 1243 4350 Ecclesia
1255 4308 1304 4348 sua
1318 4291 1424 4360 statuit,
1444 4290 1533 4364 quiet
1548 4288 1663 4346 monitis
1686 4288 1757 4346 saln-

98 4391 170 4440 sunt
202 4390 292 4439 castra
326 4390 494 4452 sanctorum,
531 4382 643 4441 dicitur.
681 4381 813 4438 Secunda
848 4381 905 4438 diei
958 4379 1075 4449 taribus,
1097 4387 1171 4444 504
1193 4389 1220 4438 et
1247 4381 1383 4438 bonerum
1404 4395 1517 4452 operum
1541 4377 1676 4453 exemplis
1697 4395 1756 4436 mm

100 4473 242 4534 circuitus
271 4474 305 4532 ad
338 4491 396 4545 eos,
417 4475 471 4549 ,qui
500 4483 561 4548 pest
592 4473 731 4531 diluvium
757 4488 843 4546 nsque
870 4471 904 4528 ad
959 4477 1151 4528 sustentarent.

98 4566 220 4637 lloyseu
242 4563 365 4634 fuerunt,
389 4564 527 4636 pertinet:
553 4564 601 4638 qui
630 4570 657 4622 et
682 4561 735 4635 ipsi
763 4560 904 4619 civitatem
994 4562 1143 4619 Possumus
1157 4569 1184 4620 et
1199 4561 1252 4618 hoc
1265 4559 1339 4634 quod
1354 4557 1427 4617 idem
1442 4560 1572 4616 Salomon
1587 4557 1617 4614 in
1627 4557 1682 4616 alio
1696 4557 1758 4616 lece

99 4653 217 4712 iericho
245 4654 433 4724 circuierunt;
453 4656 519 4730 quia
533 4655 568 4713 ab
595 4653 790 4728 iniquitatibus
813 4669 904 4726 repre·
959 4652 1048 4725 ponit,
1062 4652 1175 4709 dicens:
1200 4653 1263 4708 21ta
1278 4657 1384 4723 partem
1404 4658 1519 4723 septem,
1531 4664 1638 4707 necnon
1654 4657 1680 4706 et
1694 4656 1758 4707 ecto

99 4743 205 4800 horum
229 4759 257 4800 se
279 4752 484 4816 separaverunt.
505 4745 574 4801 Nam
596 4752 624 4801 et
645 4741 795 4812 Abraham,
811 4758 904 4815 quam·
961 4739 1291 4813 (Eccle.x1,2),·huic
1317 4746 1418 4797 nostras
1437 4737 1605 4812 expositioni
1621 4746 1756 4812 coaptare.

98 4833 146 4888 vis
173 4832 248 4888 inter
266 4832 442 4890 Amorrhaeos
460 4833 607 4903 habitaret,
630 4849 687 4890 non
712 4833 802 4890 solnm
825 4829 904 4899 vitia,
960 4827 1083 4884 Primum
1108 4828 1193 4902 igitur
1225 4829 1402 4902 quaerendum
1431 4830 1511 4887 nobis
1538 4838 1590 4900 est,
1623 4829 1690 4904 quid
1722 4832 1760 4891 sit

99 4921 150 4978 sed
169 4921 256 4977 etiam'
268 4937 415 4994 corporum
438 4922 596 4980 societatem
610 4922 640 4978 in
662 4929 768 4978 tantum
783 4919 903 4990 horruit,
959 4919 1033 4977 unde
1048 4927 1137 4993 partes
1159 4919 1246 4978 iacere
1261 4919 1447 4993 precipimur.
1472 4921 1521 4978 Est
1541 4937 1660 4996 namque
1673 4920 1759 4995 qued·

100 5018 135 5068 ut
160 5008 220 5065 lilio
235 5026 286 5067 suo
300 5027 336 5069 ex
349 5010 460 5068 liliabns
482 5027 576 5068 eorum
597 5010 684 5067 nollet
695 5010 819 5082 accipere
836 5025 904 5065 uxo·
959 5008 1021 5065 dam
1033 5007 1148 5079 bonum,
1165 5017 1192 5066 et
1206 5009 1297 5082 ipsum
1316 5017 1357 5067 est
1371 5026 1511 5066 summurn
1533 5010 1649 5080 bonum,
1670 5010 1759 5067 chari·

99 5116 174 5156 rem.
191 5099 227 5156 Et
250 5099 285 5156 de
307 5099 389 5169 beth,
414 5100 462 5175 qui
485 5099 557 5174 apud
580 5099 735 5156 Sodomitas
753 5095 904 5168 habitabat,
958 5105 1000 5156 tas
1013 5097 1154 5169 videlicet,
1171 5116 1232 5174 quas
1256 5100 1311 5158 nisi
1330 5101 1461 5173 patiatur,
1485 5101 1636 5174 perlectum
1653 5101 1758 5158 bonum

100 5188 230 5263 loquitur
252 5188 351 5246 beatus
372 5191 480 5259 Petrus,
504 5189 552 5262 qai
574 5187 670 5245 auditu
693 5194 721 5244 et
741 5184 905 5258 visujustus
959 5204 1015 5244 nen
1043 5188 1114 5258 erit;
1144 5189 1263 5262 partitur
1288 5189 1363 5246 enim
1393 5190 1422 5246 in
1447 5189 1624 5248 dilectionem
1646 5190 1706 5259 Dei,
1731 5199 1759 5247 et

99 5284 163 5334 erat
183 5278 229 5350 (lt
251 5279 324 5344 Pete.
352 5296 383 5347 11,
408 5279 448 5351 t),
465 5278 594 5335 habitans
618 5275 691 5350 apud
715 5292 772 5344 ees,
798 5273 846 5349 qui
871 5273 905 5332 de
959 5278 1136 5336 dilectionem
1164 5276 1307 5352 preximi:
1335 5295 1395 5353 que
1425 5296 1489 5336 cum
1515 5296 1571 5336 una
1601 5280 1647 5348 sit,
1675 5277 1759 5334 habet

98 5369 149 5424 die
173 5367 203 5422 in
224 5367 298 5425 diem
322 5368 442 5426 animam
454 5367 557 5441 justam
575 5365 678 5440 iniquis
693 5364 821 5438 operibus
835 5381 904 5424 crn-
958 5375 1051 5425 umen
1064 5368 1120 5425 due
1133 5367 1256 5438 brachia,
1280 5384 1340 5442 quaa
1359 5369 1574 5443 circumquaque
1595 5367 1757 5435 extendens,

102 5457 227 5516 ciabant.
253 5457 357 5515 Eodem
373 5457 456 5516 mode
473 5465 500 5515 et
524 5456 626 5516 caeteri.
646 5455 834 5513 laetiusvero
852 5455 904 5513 cir·
958 5466 986 5515 et
1008 5459 1096 5539 boum
1119 5456 1292 5527 hominihus,
1317 5466 1344 5515 et
1367 5457 1495 5514 homines
1521 5458 1578 5514 Dee
1602 5453 1756 5528 conjungit.

100 5544 197 5602 cuitus
214 5543 249 5602 ad
267 5561 313 5602 ees
336 5545 383 5620 qui
410 5545 462 5603 sub
481 5544 540 5619 lege
553 5544 678 5614 fuerunt,
697 5543 836 5617 pertinet:
856 5542 903 5617 qui
958 5545 1029 5605 Sunt
1045 5553 1072 5602 et
1085 5543 1147 5603 due
1160 5545 1236 5615 vitas,
1253 5561 1307 5602 nna
1319 5562 1380 5619 quae
1399 5545 1500 5614 activa,
1521 5545 1607 5601 altera
1621 5559 1682 5616 quaa
1694 5559 1757 5600 con·

103 5647 212 5716 quanta
237 5638 428 5700 solllcitudine
448 5657 464 5698 a
482 5639 612 5702 societate
635 5639 795 5716 iniquorum
818 5655 847 5696 se
865 5654 904 5698 se·
959 5633 1121 5708 templativa
1144 5642 1330 5709 nuncupatur.
1352 5633 1469 5692 Dilectie
1490 5630 1611 5706 preximi
1635 5630 1670 5690 ad
1692 5631 1758 5692 acti-
