4078 6186
286 199 339 278 ur·
728 138 736 149 ⁸
794 185 1433 266 nnorsnssnnmosunsannn.
1889 187 1943 260 ns

289 343 455 420 baptismum
482 334 602 398 l'rinitas
627 333 703 408 iecit,
731 344 758 394 et
784 342 877 391 tumen
893 347 949 390 nou
964 331 1084 404 pertinet
1098 333 1123 393 A
1144 356 1155 380 ι
1172 329 1224 388 llio
1241 327 1309 388 dens
1333 337 1438 400 nostor,
1455 345 1513 386 non
1527 319 1711 388 estimabitur
1732 320 1767 385 ad
1782 343 1848 384 sum
1862 343 1943 398 enus,

203 478 211 490 .
288 435 343 494 nisi
357 433 392 492 ad
406 431 525 492 Patrem.
545 430 705 487 Adventum
722 426 780 498 (33)
799 424 919 496 Spiritus
932 422 1021 480 sanati
1036 438 1088 478 su-
1143 421 1191 496 qui
1207 421 1332 480 interris
1347 421 1424 479 visus
1439 427 1490 488 est,
1505 425 1533 476 st
1544 435 1608 476 oum
1622 417 1786 476 hominibus
1799 433 1943 476 eonversa-

288 541 337 600 pra
350 526 455 584 Filium
470 523 500 579 in
514 521 603 595 speolo
618 518 754 578 uolumbe
769 515 846 590 (buo.
859 531 902 583 nr,
917 513 1088 586 2²)l'rinitaa
1142 520 1189 570 tus
1203 519 1245 570 sat
1261 512 1383 584 (darual
1397 528 1439 580 nr,
1455 510 1489 568 33
1504 515 1530 566 st
1543 508 1588 581 38)
1602 525 1610 576 ;
1625 529 1635 558 i
1651 516 1677 564 et
1695 507 1814 566 iterum:
1836 509 1945 566 ‹llomo

288 615 365 684 lesit,
380 622 408 672 ot
431 621 523 670 umen
538 627 594 668 nou
612 609 732 683 pertinet
754 605 809 663 nisi
824 604 858 662 sd
871 603 1005 678 Spiritum
1019 617 1090 660 sun-
1143 602 1175 658 io
1192 602 1297 670 dolore,
1313 600 1438 658 eteoieos
1451 601 1523 657 ierus
1533 597 1710 656 infirmitates
1724 597 1792 670 (lau.
1808 615 1869 668 aur,
1884 599 1938 672 3).

287 712 374 762 utum.
400 701 488 770 Quam
510 699 570 774 (att
589 698 691 754 trinam
710 693 898 768 operationem
925 692 955 748 in
983 691 1088 748 unitate
1144 705 1241 746 serum
1267 690 1374 747 sailioet
1398 705 1498 763 eorpus
1518 686 1642 745 hominis
1668 686 1789 760 parbao
1802 688 1900 758 verba,
1920 701 1946 749 et

288 800 446 850 manentem
488 787 650 862 comprobat
670 785 767 842 matus
792 782 942 856 Apostolus
969 781 1085 838 diosna:
1146 794 1238 836 veram
1264 777 1457 836 demonstrans
1483 779 1615 846 animum,
1652 799 1661 826 ι
1689 776 1846 851 quinniens
1873 779 1946 837 terre

294 907 304 932 ·
322 880 561 942 Diuisionesenim
570 877 720 952 gratiarum
731 881 888 943 mutunus
901 880 993 932 autem
1004 869 1088 944 Spiri-
1145 868 1323 926 infirmitates
1340 867 1488 926 divinitate
1502 866 1869 942 superavit‚paaidoaosper
1883 887 1944 928 ean.

288 982 354 1042 tus;
371 979 399 1030 et
412 969 565 1028 divisiones
579 965 798 1024 ministeriorum
821 971 980 1032 sunt,unus
997 971 1088 1019 autern
1146 960 1257 1034 prinum
1285 958 1376 1016 uruois
1404 975 1459 1016 suo
1488 959 1546 1015 sive
1572 958 1675 1032 quoin
1700 957 1779 1017 omlis
1796 969 1871 1029 sunt,
1886 963 1946 1019 also

288 1060 445 1120 Dominus:
471 1067 499 1116 et
520 1055 673 1116 divisiones
703 1055 893 1129 operationum
917 1059 992 1122 sunt,
1018 1067 1090 1108 unns
1146 1063 1207 1123 quus
1233 1049 1263 1105 ln
1294 1057 1367 1106 terra
1382 1048 1501 1120 (dolosa.
1521 1063 1540 1116 1,
1569 1047 1652 1119 idi.»
1686 1047 1795 1105 claruit
1808 1049 1884 1106 sulm
1898 1065 1946 1122 psr

289 1161 380 1208 autem
394 1148 531 1222 Deosqui
545 1145 780 1220 operaturomnla
794 1143 823 1200 in
837 1142 967 1199 omnibus
981 1143 1010 1212 (l
1025 1141 1089 1197 Cois
1146 1140 1205 1199 heo
1232 1140 1327 1210 uerba,
1350 1139 1405 1196 «ln
1415 1140 1564 1198 Dominum
1574 1139 1666 1196 lusum
1689 1137 1868 1210 Christum·
1889 1157 1946 1198 non

293 1259 346 1310 ιιι,
359 1237 451 1312 i·d).·
468 1237 533 1294 'lria
542 1251 606 1308 ergo
617 1235 676 1292 boo
685 1249 769 1294 uuam
779 1228 954 1290 erodentibus
963 1231 1092 1288 tribuunt
1146 1247 1181 1288 ex
1212 1237 1287 1304 parts
1314 1230 1469 1299 veritatem,
1507 1235 1535 1286 ot
1561 1244 1596 1284 ex
1620 1235 1697 1300 parte
1731 1228 1908 1288 mendacium
1937 1249 1944 1288 :

290 1331 418 1406 umnam,
445 1327 511 1402 quia
535 1343 591 1384 uon
616 1325 670 1382 alia
691 1334 773 1398 atque
795 1324 850 1380 alia
874 1333 915 1380 eat
938 1322 1092 1380 summotis
1147 1318 1195 1376 sed
1220 1335 1331 1376 omnem
1355 1319 1431 1375 ineo
1445 1333 1503 1375 esso
1517 1317 1671 1386 vamtatem,
1699 1314 1794 1386 idest,
1811 1325 1839 1374 st
1854 1318 1904 1374 ltei
1920 1327 1947 1376 st

289 1427 391 1477 sunotae
413 1425 440 1475 et
466 1414 660 1489 insoporabilis
684 1411 829 1470 Trinitatis
848 1413 919 1485 (33).
941 1411 1011 1470 Cum
1028 1423 1092 1482 ergo
1147 1409 1280 1466 hominis.

289 1509 399 1583 singula
417 1514 445 1564 et
458 1507 539 1562 Pater
552 1510 579 1562 et
594 1505 684 1562 Filius
698 1510 725 1560 et
739 1501 859 1574 Spiritus
874 1507 985 1557 sanutus
998 1499 1092 1555 dieun-
1183 1499 1297 1557 CAPUT
1313 1497 1351 1555 X.
1374 1527 1411 1542 -
1435 1495 1488 1555 Ssd
1513 1497 1567 1556 hou
1589 1513 1646 1555 nou
1668 1497 1802 1573 iutelligit
1827 1499 1948 1558 bumana

290 1607 336 1654 tur
360 1595 479 1669 operari·
505 1593 599 1651 omnia
618 1599 708 1650 tamen
738 1590 839 1664 puriter
860 1597 1018 1662 operantur.
1039 1589 1093 1644 Sa·
1147 1589 1384 1663 sapientia,quam
1397 1587 1563 1646 condemnat
1571 1587 1670 1646 beatus
1678 1589 1944 1662 Apostolusdiaeos:

290 1685 395 1763 pientia
420 1683 556 1752 subdidit,
579 1679 686 1756 Spiritu
707 1678 852 1748 animavit,
879 1687 906 1735 et
925 1675 1002 1751 justo
1032 1677 1091 1751 (36)
1106 1697 1130 1762 13
1155 1679 1261 1740 «Fides
1275 1685 1367 1736 vestra
1380 1694 1436 1736 non
1451 1677 1487 1735 sil
1509 1678 1541 1734 in
1553 1675 1688 1752 sapientia
1703 1679 1857 1748 huminum,
1871 1695 1950 1752 quo-

290 1777 433 1834 ordinavlt
451 1773 568 1849 judicio.
593 1773 653 1845 lpse
673 1787 737 1843 ergo
758 1769 867 1842 iustitia
892 1785 941 1828 sno
956 1768 1091 1826 mundum
1146 1783 1208 1826 rum
1230 1765 1367 1824 Dominus
1391 1766 1572 1840 eogitationss
1594 1768 1683 1838 uouit,
1707 1768 1835 1842 quoniam
1863 1785 1949 1826 vanae

291 1866 320 1922 in
335 1865 425 1922 varias
440 1865 542 1920 lormas
558 1859 711 1929 distribuit,
727 1866 754 1916 st
769 1858 856 1933 pratis
869 1873 919 1916 sna
933 1857 1090 1927 ordinante,
1146 1867 1229 1917 sunt:
1245 1859 1292 1916 sed
1304 1860 1334 1917 ln
1349 1859 1453 1916 virtute
1470 1858 1520 1916 liei
1532 1859 1562 1930 (1
1576 1860 1639 1917 Cor.
1656 1876 1687 1929 n,
1704 1860 1733 1932 b)
1746 1878 1766 1928 3¹
1786 1868 1815 1916 et
1828 1861 1946 1916 iturum:

291 1960 369 2010 tanta
382 1951 461 2009 illins
476 1949 598 2008 membra
612 1947 934 2022 incomprehensibiliter
942 1947 1092 2021 dispensat,
1154 1949 1234 2006 «Non
1258 1949 1347 2006 edoetl
1361 1948 1489 2008 bumana
1512 1949 1654 2022 supientia
1667 1949 1770 2018 verbis,
1792 1949 1841 2006 sed
1855 1949 1949 2007 edooti

291 2039 415 2100 eontinet
439 2047 466 2096 st
485 2038 619 2112 gubernat
636 2056 642 2094 :
658 2037 741 2111 eujus
757 2037 938 2110 providentia
952 2037 1093 2110 guberna·
1147 2037 1253 2112 Spiritu
1280 2045 1377 2096 sanato
1403 2035 1460 2110 (to)
1486 2037 1568 2110 (ldid.
1584 2036 1667 2111 t3).·
1703 2037 1777 2110 Erpa
1801 2037 1869 2096 tides
1893 2053 1949 2096 nou

292 2131 332 2188 tio
355 2138 412 2187 tam
425 2128 511 2202 justa,
534 2137 590 2188 tam
613 2142 716 2185 ereans
742 2126 813 2200 (37),
834 2133 891 2183 tam
905 2125 1014 2184 oooulta
1031 2132 1091 2193 est;
1147 2127 1184 2185 sit
1205 2125 1234 2183 in
1256 2123 1400 2184 bominum
1422 2125 1568 2200 sapientia,
1592 2133 1620 2182 et
1640 2125 1753 2184 heresis
1769 2141 1827 2183 uon
1843 2135 1894 2185 est.
1915 2128 1947 2184 ln

292 2230 323 2278 ut
338 2237 400 2294 ques
414 2227 527 2294 putatur
549 2235 640 2292 poena,
654 2217 794 2276 medisina
811 2217 848 2275 sit
870 2217 996 2290 patienti.
1017 2217 1094 2274 Unus
1148 2215 1229 2272 Patro
1254 2231 1319 2288 ergo
1339 2231 1448 2288 semper
1473 2214 1562 2273 Filius
1576 2223 1605 2272 et
1618 2215 1739 2289 Spiritus
1761 2223 1872 2274 unetos
1884 2226 1948 2273 est:

292 2327 357 2384 ergo
377 2311 451 2368 Deus
465 2309 494 2366 in
517 2318 613 2368 unam
635 2307 770 2366 Trinitate
784 2307 938 2368 consistens
951 2307 1012 2366 bau
1024 2323 1095 2380 ope-
1148 2307 1224 2381 quod
1244 2307 1284 2364 ita
1297 2323 1356 2363 esse
1379 2307 1437 2379 ipss
1460 2307 1549 2365 Filius
1562 2307 1708 2366 aoulirmat
1732 2307 1845 2368 disens:
1866 2331 1876 2356 ι
1891 2310 1949 2382 ligo

293 2411 392 2462 ratur:
421 2399 497 2477 quod
526 2400 586 2474 ipse
614 2399 648 2457 ds
671 2415 700 2458 se
727 2401 919 2474 eomprobuns‚
933 2415 983 2474 per
996 2399 1094 2458 isaiam
1149 2407 1177 2456 et
1203 2398 1283 2456 Pater
1296 2413 1383 2454 unum
1398 2413 1494 2455 sumus
1509 2399 1600 2471 (loen.
1620 2413 1650 2468 rr,
1664 2399 1711 2472 30)
1725 2415 1758 2455 τι
1779 2415 1862 2456 uuum
1881 2417 1952 2474 pru-

293 2490 455 2566 propbetam
482 2489 572 2547 diuit:
610 2511 620 2538 ι
650 2490 709 2562 Ego
736 2489 882 2559 Dominus,
912 2495 940 2547 st
966 2503 1023 2550 uon
1055 2498 1096 2550 est
1150 2496 1211 2560 pter
1232 2495 1359 2544 naturam
1382 2486 1550 2557 divinitatis,
1574 2503 1665 2544 samus
1687 2495 1800 2562 propter
1813 2503 1951 2562 porsona-

293 2581 413 2654 amplius
431 2584 511 2636 extra
534 2594 578 2635 ms
599 2578 659 2651 (38)
676 2580 745 2650 (lea.
761 2595 827 2647 xus,
842 2579 870 2649 t,
890 2579 955 2652 6),»
979 2579 1032 2636 hoo
1043 2585 1094 2643 eat,
1149 2593 1212 2636 rom
1255 2577 1463 2651 proprietates;
1506 2585 1533 2634 st
1564 2577 1687 2636 iterum:
1723 2601 1734 2628 ι
1773 2579 1845 2637 ans
1873 2582 1952 2638 uenit

294 2678 393 2744 prator
413 2665 536 2728 Verbum
562 2675 590 2724 st
613 2665 749 2740 Spiritum
777 2683 879 2737 meum,
907 2667 1039 2725 uirtutem
1065 2683 1097 2726 uo
1150 2667 1252 2726 bora...
1279 2675 1310 2724 ut
1344 2683 1389 2725 ure
1417 2668 1508 2725 solum
1535 2667 1721 2742 relinquatis:
1752 2677 1780 2727 et
1807 2685 1864 2728 non
1891 2687 1952 2728 sum

294 2757 456 2833 sapientiam
485 2760 557 2819 827
585 2769 685 2824 orsam,
700 2769 762 2829 qus
790 2756 820 2812 in
846 2771 891 2813 mo
919 2765 1095 2829 estsompsr;
1150 2762 1235 2830 solus,
1262 2758 1328 2832 quia
1353 2759 1432 2815 Pater
1459 2773 1567 2816 meeum
1597 2765 1638 2816 est
1659 2758 1750 2830 (loun.
1765 2773 1825 2828 xm,
1843 2761 1893 2832 32)
1912 2780 1946 2830 ;.

294 2855 389 2913 nullus
412 2861 454 2912 ast
475 2854 547 2911 alter
570 2854 644 2911 Deus
658 2859 740 2928 atque
754 2853 880 2910 Salvator
907 2852 977 2927 (33),
992 2853 1027 2910 de
1042 2865 1097 2926 quo
1150 2849 1324 2909 etiterum:
1350 2871 1361 2896 ‹
1383 2847 1472 2920 Opem
1495 2864 1557 2922 quo
1580 2863 1631 2922 ego
1657 2847 1738 2919 faulo,
1765 2849 1845 2906 Pater
1864 2851 1897 2908 in
1912 2869 1953 2908 me

295 2943 369 3001 idem
383 2940 516 3016 propheta
533 2940 622 3000 dioit:
646 2965 656 2991 ι
674 2943 711 2999 Et
724 2941 817 2999 mittet
835 2941 876 2999 eis
887 2942 1024 2999 Dominus
1037 2943 1098 3000 sal-
1151 2955 1275 3010 manens,
1302 2937 1360 3012 ipse
1385 2937 1467 2995 laoiet
1491 2955 1523 2995 ea
1538 2938 1629 3010 (loun.
1653 2955 1713 3008 xiv,
1731 2939 1788 3013 ill).
1804 2961 1814 2990 ι
1836 2939 1901 3013 lpse
1916 2949 1953 2998 est

295 3041 429 3102 vatorum,
445 3033 546 3105 quisae
559 3032 650 3088 salvos
663 3031 746 3088 laeiat
758 3049 773 3088 a
784 3033 904 3105 pooostis
917 3046 1011 3091 eorum
1028 3023 1096 3108 (lea.
1112 3069 1135 3131 G
1151 3047 1215 3104 ergo
1229 3043 1337 3102 semper
1361 3027 1390 3084 in
1403 3028 1484 3084 Patre
1498 3025 1597 3099 Filius,
1614 3027 1708 3102 quiid
1722 3027 1836 3103 lloysen
1858 3029 1931 3088 diolt
1946 3047 1951 3084 :

299 3137 358 3191 xlx,
371 3121 450 3193 tot.»
463 3121 610 3178 Etltsrum
621 3135 780 3194 expersona
790 3121 877 3178 Putris
887 3137 968 3194 supra
978 3120 1096 3194 scriptus
1159 3119 1238 3188 «Qui
1262 3126 1313 3188 est,
1330 3115 1407 3176 misit
1435 3133 1480 3174 me
1494 3117 1528 3175 ad
1542 3133 1591 3175 voa
1603 3119 1704 3191 (iiuad.
1721 3133 1762 3188 ru,
1779 3119 1837 3191 lt).
1854 3145 1864 3169 ι
1893 3122 1952 3193 lpas

296 3211 1097 3289 prophetantem:‹1nmemetips0juravl,quiaegredietur
1152 3217 1203 3278 eat,
1218 3207 1264 3266 oni
1279 3208 1399 3280 perlaeta
1411 3203 1478 3264 orbe
1494 3206 1681 3280 oongaudebat
1695 3207 1792 3276 Pater;
1808 3205 1877 3281 quia
1894 3215 1952 3265 tan·

297 3319 332 3361 ox
346 3302 600 3374 oremeoverbum‚
611 3314 639 3363 st
650 3303 736 3360 adme
747 3320 866 3362 vanuum
877 3320 932 3360 non
945 3311 1097 3362 revertetur
1152 3307 1209 3357 tam
1233 3299 1332 3354 molem
1346 3305 1425 3354 terre
1450 3295 1590 3354 fundasset
1616 3312 1697 3369 super
1712 3296 1809 3367 maria,
1828 3304 1856 3355 et
1870 3315 1953 3374 super

297 3394 366 3467 (lea,
391 3409 457 3464 xiv,
477 3393 586 3463 tam,
608 3393 664 3466 lt),
686 3416 696 3441 s
715 3393 776 3452 Non
801 3399 843 3451 est
864 3407 959 3451 revera
974 3394 1096 3454 Verbum
1153 3387 1268 3446 ilumina
1282 3388 1443 3444 oollooasset
1455 3401 1524 3453 essm
1537 3392 1568 3443 ut
1577 3387 1742 3443 elementum
1755 3387 1951 3460 pravissimum

297 3483 386 3545 Putris
410 3482 445 3540 ad
472 3499 536 3540 eum
563 3497 681 3541 saeuum
713 3497 864 3554 reversum,
893 3483 959 3557 quia
986 3482 1098 3540 obsides
1152 3493 1234 3550 super
1249 3485 1343 3533 tenues
1358 3491 1442 3550 aquas
1458 3473 1516 3548 ejus
1530 3475 1796 3549 penderetarbitrio
1811 3478 1845 3534 ln
1859 3478 1952 3536 stabi-

298 3574 396 3632 sulntis
417 3580 528 3644 nostra,
566 3573 595 3630 id
614 3580 665 3643 est,
691 3589 784 3629 veram
808 3575 929 3630 unimam
949 3582 977 3632 et
999 3591 1096 3632 verum
1152 3565 1230 3622 lituis
1243 3581 1306 3638 ergo
1319 3563 1393 3622 orbis
1404 3570 1550 3634 terrarum,
1562 3564 1672 3638 quando
1681 3563 1758 3623 iliius
1768 3564 1952 3624 fundamenta

297 3679 398 3738 eorpus
417 3669 574 3734 susceptum
599 3661 628 3718 in
652 3661 794 3720 dexterum
819 3659 967 3721 ooilooavit
996 3663 1093 3720 Patris.
1152 3663 1232 3722 Pater
1246 3661 1383 3732 ilrmabat,
1407 3663 1501 3720 nullus
1516 3671 1574 3720 eret
1588 3677 1651 3720 aum
1666 3679 1699 3722 eo
1726 3673 1825 3738 prator
1838 3681 1887 3722 eos
1904 3665 1952 3740 qui

297 3751 378 3820 Quod
398 3751 506 3808 iteesso
529 3749 818 3825 luturumlnSplritu
840 3752 971 3826 prophete
986 3752 1097 3810 intuens
1153 3763 1230 3813 erant
1260 3754 1289 3812 in
1317 3769 1359 3824 so,
1389 3751 1418 3810 id
1445 3759 1496 3823 est,
1527 3753 1616 3810 Filius
1640 3760 1668 3810 et
1693 3753 1810 3830 Spiritus
1824 3763 1952 3814 moetus.

299 3839 391 3898 dieii:
415 3861 425 3890 ι
454 3837 523 3897 Vere
544 3847 576 3896 tu
595 3853 624 3896 es
647 3841 721 3898 Deus
744 3839 922 3899 absconditus
947 3841 1014 3914 (lea.
1029 3859 1096 3911 xuv,
1153 3845 1323 3902 Ernbssount
1336 3859 1400 3917 ergo
1415 3843 1494 3918 impii
1509 3841 1643 3911 haretici,
1658 3843 1705 3920 qui
1720 3844 1820 3902 Filium
1836 3845 1889 3904 Dei
1906 3853 1954 3902 aut

301 3931 358 4004 lii),
376 3953 385 3979 ι
407 3928 498 4000 idest,
513 3929 542 3987 in
557 3945 649 4002 earne,
675 3933 772 3988 «Deus
784 3932 866 3989 lsrael
882 3931 1023 4002 Soluntum
1040 3959 1049 3982 ι
1070 3937 1097 3990 et
1152 3937 1287 4012 Spiritum
1298 3943 1423 3992 sanatum
1435 3939 1587 3992 ereaturam
1602 3933 1710 4006 dieunt,
1726 3942 1771 3992 aut
1785 3935 1874 3996 luisse
1886 3947 1952 3996 tum·

300 4024 401 4081 iterum
426 4039 432 4080 :
466 4045 475 4070 ι
498 4021 685 4079 Absconditus
706 4021 801 4079 vultus
818 4023 877 4096 ejus
900 4031 927 4080 et
954 4023 1097 4098 despectus
1153 4041 1214 4099 pus,
1239 4023 1417 4099 quandonon
1435 4020 1539 4081 luerint
1556 4041 1563 4093 ;
1579 4039 1668 4100 neque
1692 4023 1767 4082 enlm
1791 4033 1950 4100 temporum

300 4114 369 4189 (isa.
393 4111 544 4185 s111,2);»
566 4111 853 4170 utsoiliuetbumano
874 4112 1097 4187 eorporedivina
1152 4114 1279 4174 eonditor
1311 4113 1394 4170 babet
1420 4111 1569 4187 aliquando
1601 4113 1781 4192 principium.
1807 4113 1950 4188 Quidquid

300 4205 423 4280 potentia
451 4203 609 4274 celaretur;
639 4212 666 4262 et
693 4205 816 4261 lterum:
839 4230 849 4255 ι
872 4205 907 4264 Et
934 4205 1018 4262 homo
1044 4214 1096 4276 est,
1152 4221 1216 4279 ergo
1233 4203 1321 4260 Filius
1340 4203 1472 4276 loquitur,
1497 4201 1581 4260 uerba
1608 4211 1674 4260 sunt
1695 4201 1796 4270 Patris,
1818 4212 1846 4261 et
1869 4205 1952 4262 uerba

300 4302 328 4352 et
342 4296 405 4371 quis
418 4295 560 4368 cognoscit
574 4309 637 4352 eum
653 4295 761 4368 (ierem.
779 4295 963 4368 xvn,9)lEt
975 4295 1095 4354 lterum:
1153 4299 1218 4352 sunt
1245 4289 1363 4365 Spiritus
1391 4289 1478 4349 sabati
1506 4309 1513 4349 ε
1542 4289 1679 4366 quidquid
1703 4291 1784 4349 Pater
1815 4292 1950 4370 loquitur,

339 4427 399 4500 (33)
419 4431 499 4488 Rom.
522 4430 602 4500 odit..
628 4431 716 4502 inquit
729 4430 798 4492 suita
813 4447 820 4492 t
845 4433 885 4496 Tu
897 4449 923 4490 ss
937 4431 1012 4505 pilius
1025 4447 1097 4492 meas
1110 4439 1136 4500 n
1150 4433 1187 4490 lit
1209 4430 1299 4490 aiibi:
1331 4431 1442 4497 Verbum
1464 4432 1636 4503 quodcunque
1662 4430 1758 4490 rainu
1775 4431 1808 4488 ds
1823 4448 1869 4490 ara
1884 4450 1948 4500 mea,

301 4499 420 4558 diluetur.
435 4501 595 4568 Adventum,
610 4511 663 4564 eta.
1152 4521 1206 4560 uon
1228 4509 1373 4561 revertetur
1398 4503 1434 4562 ad
1460 4520 1500 4560 rus
1525 4521 1648 4572 maun,
1674 4501 1754 4560 donea
1769 4505 1953 4576 compleantur·

338 4569 397 4652 (33)
431 4569 533 4627 Eadem
563 4573 642 4628 Rom.
671 4571 751 4644 edit,
784 4580 809 4632 et
832 4575 962 4634 mscerrdit
1001 4574 1097 4647 inquit,
1171 4591 1312 4647 manuque
1336 4575 1419 4633 volui.
1448 4575 1498 4632 list
1513 4573 1596 4647 ipitnr
1623 4573 1712 4634 Filias
1727 4591 1820 4630 reuera
1841 4575 1952 4632 Verbum

306 4641 420 4724 ¹paritur
450 4649 556 4698 sanutus
574 4645 711 4715 corporali
737 4647 819 4716 specie
840 4647 909 4704 sicut
932 4618 1051 4704 columba
1072 4646 1101 4701 irt
1153 4593 1255 4716 ἰωή),
1270 4663 1329 4704 uum
1342 4663 1451 4729 uacuum
1465 4661 1598 4702 reuersum
1613 4663 1667 4702 non
1681 4645 1765 4716 [ueni
1779 4663 1790 4713 ,·
1804 4647 1954 4728 (3333333-

300 4727 398 4786 Vllum·
415 4715 511 4784 Quam,
525 4721 578 4772 ⁰20·
1154 4719 1243 4776 dea...
1258 4719 1440 4775 inuenerint
1459 4734 1465 4774 :
1483 4717 1600 4774 Tarnim
1612 4735 1638 4776 rs
1653 4719 1734 4785 Desa,
1749 4724 1774 4772 rt
1785 4733 1953 4786 meresinae,

336 4783 398 4865 Ι(33)
426 4785 530 4846 Eodem
553 4787 633 4846 Rom.
658 4786 738 4857 edit„
756 4788 820 4860 quia
834 4805 887 4846 aaa
902 4807 934 4849 ea
952 4791 1009 4849 alia
1023 4795 1101 4860 atqu
1152 4791 1224 4848 Deus
1249 4791 1335 4848 lsrael
1349 4791 1479 4848 saluatur.
1508 4789 1680 4864 sensimus,
1700 4789 1764 4862 qaia
1788 4806 1871 4848 come
1885 4791 1954 4846 uelo·

301 4855 359 4911 alta
382 4856 530 4914 subeuntia
543 4865 615 4940 ,unt
645 4867 742 4916 sanatae
756 4861 941 4934 inseparabilia
959 4861 1100 4918 Trinitatis
1153 4867 1205 4916 tus.
1223 4861 1260 4916 llt
1281 4860 1401 4918 iterans:
1429 4861 1491 4920 Non
1514 4868 1552 4918 est
1566 4861 1672 4934 speeies,
1700 4877 1781 4932 usqne
1798 4861 1890 4931 pieria
1906 4878 1915 4914 .·
1931 4867 1954 4914 et

298 4941 493 5000 pertremisco
508 4931 580 4985 alsus
596 4932 767 5003 operadaais.
1152 4931 1234 5005 [auus
1261 4930 1317 5002 aas
1338 4934 1456 5006 &spada
1470 4940 1530 5002 -est,
1557 4939 1582 4989 et
1606 4949 1660 4990 riou
1687 4937 1725 4988 est
1746 4938 1872 5003 reputata
1890 4949 1897 5000 ;
1926 4939 1955 4986 st

340 4997 413 5082 (36)·
433 4998 537 5082 liudem
565 5001 645 5058 Rom.
678 5004 758 5084 edit.²
787 5002 976 5074 sinpillatim...
1006 5004 1100 5076 aliqua
1152 5003 1249 5062 seilicet
1272 5005 1386 5062 hunuano
1409 5022 1518 5078 corpore
1550 5003 1642 5061 diuino
1668 5004 1785 5077 potentio
1809 5005 1953 5060 celaretur.

303 5085 413 5142 operari
429 5071 545 5142 Spissius
559 5073 699 5138 animavit,
713 5079 818 5144 alperto
830 5076 921 5143 Pater,
936 5083 988 5132 eto.
1152 5077 1190 5134 Et
1210 5076 1282 5133 alins
1302 5078 1450 5149 propbeta:
1480 5079 1519 5134 lut
1543 5076 1619 5134 tomo
1641 5083 1688 5146 eat,
1702 5082 1727 5132 sl
1745 5074 1806 5147 quis
1820 5081 1954 5146 cognoseat

339 5141 399 5286 pig)
419 5141 522 5198 Eadem
536 5144 616 5201 Rom.
632 5144 712 5216 edin,
728 5151 781 5201 tam
795 5146 921 5217 prouida.
1152 5164 1211 5204 aum
1229 5149 1242 5205 i
1257 5147 1410 5205 illitorum:
1431 5149 1481 5206 llio
1495 5149 1566 5206 Deua
1579 5154 1678 5218 assur,
1706 5164 1760 5203 nou
1782 5147 1957 5219 reputabitur

420 5212 523 5274 Eadem
538 5215 617 5272 Rom.
641 5215 720 5284 edit,
735 5217 861 5288 amplius.
878 5219 935 5289 Epo
949 5217 996 5288 qui
1008 5217 1100 5288 [obri-
1152 5220 1223 5277 alsus
1236 5219 1365 5277 mameae
1378 5237 1447 5278 mssa.
1463 5222 1519 5278 tlt:
1535 5219 1600 5276 Posi
1617 5221 1664 5278 boo
1677 5219 1707 5275 iu
1721 5218 1801 5274 terris
1815 5217 1892 5274 abur
1906 5225 1955 5286 est,

303 5302 362 5342 aaut
385 5215 476 5352 Raram,
493 5293 547 5344 eto.
574 5287 704 5354 Quoniam
719 5295 823 5344 nonest
848 5289 919 5346 liras
929 5295 1030 5360 proter
1048 5306 1098 5346 nra.
1152 5297 1177 5347 at
1201 5291 1271 5348 inter
1304 5291 1420 5350 dominer
1448 5296 1617 5348 munerantur
1643 5297 1689 5348 est.
1721 5293 1758 5348 lit
1776 5290 1875 5346 iter-arn
1889 5291 1958 5346 sari·

340 5357 398 5430 (33)
414 5356 518 5414 Eadem
531 5356 684 5416 Romedit
698 5400 706 5427 ,
720 5359 758 5416 Et
771 5358 868 5415 iterum
880 5359 947 5416 idun
958 5360 1098 5488 propbeta:
1151 5367 1227 5434 ptum
1251 5366 1310 5418 est:
1339 5364 1423 5421 Homo
1437 5365 1466 5422 in
1487 5369 1571 5436 playa
1598 5364 1733 5432 assumus,
1760 5367 1785 5418 st
1802 5359 1956 5432 meser-

302 5429 336 5486 ln
354 5429 462 5486 teDessr
477 5435 523 5498 est,
548 5436 636 5485 risos
650 5430 772 5485 satalites
785 5437 885 5502 proter
904 5438 937 5488 te.
986 5431 1097 5489 talibi:
1152 5451 1191 5498 rs,
1212 5441 1264 5490 eto.

303 5500 389 5582 dlittst
402 5502 439 5558 sis
460 5498 596 5558 ‘boarium
607 5501 656 5585 psi
669 5501 783 5583 soisabit
796 5517 839 5585 aar
853 5501 997 5574 :judicasse
1011 5503 1099 5563 uua·
1188 5503 1247 5578 (tt)
1261 5504 1366 5564 nauem
1380 5507 1459 5566 Rom.
1475 5505 1557 5574 adit,
1573 5508 1636 5567 Noa
1652 5508 1682 5564 in
1699 5504 1885 5579 pecunario
1897 5505 1956 5560 lsu-

303 5569 340 5626 int
359 5590 434 5632 eos...
451 5573 506 5656 liar
517 5580 699 5658 nunuetrpsum
718 5590 821 5644 purast,
836 5574 892 5657 aba·
904 5575 1050 5649 medietas
1066 5592 1100 5634 sa
1151 5593 1238 5633 mana
1253 5577 1389 5650 sapientia
1413 5579 1509 5649 variis,
1528 5579 1572 5636 aad
1588 5580 1617 5638 is
1631 5579 1775 5638 miratione
1796 5577 1916 5652 spiritus
1930 5583 1958 5636 st

302 5656 349 5698 ors
374 5661 430 5703 mro
453 5651 572 5719 pusulas,
594 5653 620 5706 st
644 5663 774 5706 mounes
794 5663 846 5706 uses
861 5664 915 5706 non
932 5654 1099 5708 annuatur.
1151 5648 1269 5708 uirtutis.
