4082 6176
215 241 269 299 uls
718 235 766 290 ΑΙ)
785 232 903 291 OPERA
921 231 949 290 S.
973 228 1142 290 mucan
1159 227 1352 286 APPENDIX.
1817 227 1867 286 bib

216 365 335 428 adulteri
364 381 427 425 cnm
449 363 592 434 adulteris,
617 362 707 439 iniqui
730 380 793 422 cum
815 364 931 438 iniquis,
949 362 1221 424 lalsiAauxiliame
1239 362 1376 432 Domino,
1390 360 1546 420 castitatem
1567 368 1674 420 seruate
1692 368 1725 419 ut
1746 378 1798 420 nos
1819 379 1867 421 so-

216 477 279 518 cunr
305 457 391 527 salsis,
406 455 530 528 sacrilegi
554 470 617 511 cum
641 453 789 527 sacrilegis,
813 471 910 514 omnes
932 452 1016 512 simul
1070 451 1227 510 lemnitates
1244 458 1345 508 nostre
1359 459 1487 518 castoset
1501 450 1592 523 justos
1608 450 1762 510 inveniant.

215 551 376 608 cruciantur
386 549 416 604 iu
429 545 537 602 inierno
548 544 607 602 sine
621 545 685 602 line.
1108 543 1151 598 ll.
1167 543 1304 615 Rogamus
1318 541 1478 612 Dominum,
1497 550 1529 598 ut
1548 540 1640 598 mittet
1652 539 1732 598 vobis
1746 540 1870 599 medica-

252 640 279 698 b.
299 637 431 698 Firmiter
442 635 512 692 mibi
531 635 645 705 credite,
664 636 772 704 iratres,
788 636 853 710 quia
866 637 961 693 nullus
972 653 1018 710 pc·
1072 641 1196 692 mentum
1219 632 1341 699 sceleste,
1361 631 1415 691 hoc
1437 639 1489 703 cst,
1515 632 1680 702 castitatem,
1696 628 1870 702 charitatem,

214 728 302 803 jurem
317 727 426 802 culpam
439 725 533 796 babet,
554 741 635 800 quam
653 725 700 798 qui
713 727 800 783 Deum
822 725 1018 799 blasphemans
1073 723 1214 796 gaudium,
1231 723 1405 797 patientiam,
1421 722 1673 797 longanimitatem,
1687 721 1781 786 iidem,
1797 721 1873 778 leni-

215 826 243 878 et
265 818 469 893 derelinquens,
493 815 566 872 idola
589 815 677 872 colit:
703 832 753 872 nec
776 815 852 889 pejor
873 813 1019 873 dissolutio
1073 822 1168 884 tatem,
1194 812 1408 883 continentiam,
1435 821 1462 870 et
1488 810 1716 871 misericordiam.
1746 811 1784 870 Et
1811 826 1871 881 nos,

216 923 274 966 esse
288 913 378 980 potest
401 905 430 962 in
452 905 565 978 populo,
580 920 661 978 quam
685 903 759 978 quod
776 903 949 961 demonibus
968 903 1020 961 im·
1074 904 1172 962 iratres
1194 903 1361 973 charissimi,
1378 921 1435 960 non
1449 920 1586 962 cessemus
1607 901 1778 970 benefacere,
1795 899 1872 973 jeju-

217 997 345 1066 moletur,
368 1001 396 1052 et
421 993 553 1052 Ecclesiae
577 994 720 1052 catholice
751 993 980 1068 derelinquantur
1009 1013 1016 1050 :
1075 1010 1151 1064 nare,
1166 994 1357 1068 poenitentiam
1379 1011 1467 1068 apere,
1483 995 1673 1068 eleemosynas
1687 992 1762 1061 dare,
1784 990 1873 1048 nudos

216 1087 304 1164 etqui
323 1086 358 1144 de
371 1085 561 1144 misericordia
577 1085 689 1143 Domini
705 1085 840 1158 desperat,
853 1093 880 1143 et
893 1102 949 1142 non
963 1101 1020 1143 cre·
1073 1085 1186 1154 restire,
1201 1083 1327 1142 infirmos
1344 1084 1468 1156 visitare,
1484 1083 1606 1157 hospites
1619 1080 1758 1156 colligere,
1770 1087 1800 1138 et
1809 1097 1872 1154 pau·

215 1178 257 1236 dit
273 1177 301 1234 in
316 1177 566 1234 resurrectionem:
586 1183 612 1231 et
633 1175 680 1249 qui
704 1175 799 1232 colunt
836 1191 961 1248 augures,
975 1175 1019 1232 vel
1074 1190 1151 1247 peres
1183 1189 1303 1248 pascere,
1334 1173 1468 1232 Ecclesiis
1499 1173 1548 1230 llei
1576 1171 1691 1242 seruire,
1718 1169 1874 1244 Scripturas

215 1267 372 1341 sortilegos,
386 1267 430 1323 vel
453 1265 601 1339 amspices,
619 1263 732 1321 diuinos
744 1273 771 1321 et
786 1271 979 1337 promotores,
993 1271 1020 1321 et
1074 1270 1181 1322 sanctas
1208 1263 1357 1334 custodire,
1384 1264 1434 1322 Dei
1460 1279 1554 1322 seruos
1577 1262 1703 1336 diligere,
1724 1277 1803 1334 spem
1827 1277 1873 1318 no·

216 1359 264 1434 qui
276 1356 421 1416 confidunt
435 1355 463 1412 in
488 1355 669 1430 phylacteriis
689 1362 716 1412 et
739 1353 955 1424 characteribus,
973 1360 1021 1409 aut
1074 1361 1158 1410 stram
1173 1352 1250 1410 omni
1265 1351 1333 1412 bora
1348 1353 1378 1409 in
1392 1354 1480 1410 Deum
1498 1368 1610 1427 ponere,
1630 1351 1699 1408 iram
1713 1365 1770 1407 non
1787 1348 1875 1423 perb-

220 1445 480 1515 sternutatiouibus,
509 1444 608 1502 avibus
628 1443 823 1525 cantantibus,
840 1443 1018 1500 divinationi·
1074 1461 1146 1516 cere,
1161 1445 1311 1503 iracundias
1327 1455 1436 1521 tempus
1450 1463 1506 1504 non
1525 1446 1653 1516 retinere,
1667 1461 1761 1519 pacem
1776 1445 1874 1502 lalsam

215 1537 277 1608 bus,
303 1543 352 1594 aut
388 1534 600 1604 mathematicis,
634 1542 681 1592 aut
718 1533 780 1591 aliis
808 1532 1019 1607 quibuscunque
1074 1550 1130 1591 non
1150 1534 1226 1605 dare,
1240 1536 1403 1595 charitatem
1424 1554 1481 1595 nou
1495 1536 1696 1611 derelinquere,
1710 1553 1768 1594 non
1781 1534 1875 1608 jurare

217 1627 298 1686 malis
312 1627 428 1696 artibus,
444 1625 660 1684 damnabuntur.
1073 1624 1198 1696 omuino,
1231 1642 1266 1684 ne
1294 1627 1365 1684 lorte
1393 1627 1557 1701 pejeremus.
1580 1625 1680 1685 Omnia
1703 1641 1876 1701 quecunque

253 1719 280 1778 7.
294 1718 349 1776 'lsti
369 1733 464 1774 ornnes
482 1715 607 1772 inlelices
621 1724 648 1772 et
667 1713 772 1783 miseri,
793 1713 840 1786 qui
860 1711 1020 1770 saltationes
1036 1730 1060 1792 B
1075 1716 1161 1773 vultis
1181 1723 1213 1773 nt
1234 1716 1337 1775 iaciant
1352 1717 1431 1774 uobis
1451 1717 1587 1787 homines,
1607 1724 1634 1773 et
1650 1732 1701 1773 uos
1713 1715 1795 1775 facite
1817 1717 1876 1774 illis

217 1815 281 1867 ante
295 1808 367 1880 ipsas
380 1805 463 1864 etiam
488 1813 645 1861 sanctorum
658 1802 798 1872 basilicas,
809 1810 837 1859 et
848 1802 878 1859 in
896 1802 1019 1877 ipsorum
1075 1807 1215 1865 similiter.
1251 1833 1261 1857 ι
1289 1808 1342 1877 Qui
1369 1817 1460 1866 aurem
1488 1807 1705 1883 perseveraveris
1730 1805 1873 1882 usquein

219 1905 377 1956 sanctorum
412 1893 610 1950 lestivitatibus
637 1891 736 1951 choros
769 1891 887 1961 ducunt,
914 1891 1020 1950 cantica
1075 1897 1171 1968 finem,
1185 1897 1336 1956 bicsalvus
1351 1900 1405 1956 erit
1418 1897 1524 1972 (Mettis.
1540 1915 1569 1969 x,
1588 1896 1669 1972 ²²)st

219 1983 425 2044 luxuriosam}
443 1981 535 2056 turpia
564 1983 658 2055 lingua
681 1997 730 2040 sua
756 1983 910 2056 proterunt.
930 1981 1020 2050 Quare
1112 1987 1155 2044 li.
1182 1987 1363 2059 vosautem,
1390 1987 1489 2047 iratres
1510 1989 1677 2060 charissimi,
1702 1999 1734 2050 ut
1747 1991 1877 2065 cogitetis

218 2070 292 2130 unde
306 2071 458 2128 debuerant
478 2072 566 2128 Deum
584 2070 695 2128 laudare
709 2078 737 2128 et
758 2070 867 2140 mereri,
886 2071 951 2128 inde
964 2069 1021 2127 sibi
1075 2075 1230 2148 pericnlum
1254 2086 1387 2148 vestrum,
1402 2087 1516 2151 paterna
1529 2079 1665 2140 charitate
1682 2079 1874 2140 admonemus.

218 2162 423 2221 damnationem
447 2160 617 2236 acquirunt:
640 2167 668 2218 et
687 2160 761 2219 sicut
775 2159 925 2219 Christiani
947 2163 1022 2224 424
1075 2165 1105 2222 Si
1128 2181 1180 2222 nos
1201 2165 1319 2225 libenter
1340 2167 1454 2240 auditis,
1477 2177 1505 2226 et
1526 2170 1606 2228 vobis
1631 2170 1718 2230 vitam
1731 2179 1876 2243 eternam,

218 2263 252 2323 ad
266 2261 419 2321 Ecclesiam
434 2262 560 2332 veniunt,
573 2269 605 2319 ut
625 2261 723 2335 pagani
737 2259 876 2318 tamende
890 2258 1020 2319 Ecclesia
1075 2261 1103 2311 et
1127 2254 1207 2312 nubis
1228 2271 1348 2330 perenne
1363 2259 1558 2332 comparabitis
1584 2261 1715 2336 gaudium
1740 2263 1771 2319 in
1792 2277 1877 2336 reqno

219 2359 406 2412 revertuntur.
1075 2344 1218 2416 colorum,
1245 2346 1280 2403 ad
1305 2346 1380 2421 quod
1402 2347 1521 2406 feliciter
1540 2351 1684 2424 pervenire
1707 2367 1876 2422 mereamur,

254 2445 281 2505 8.
301 2445 384 2504 Nulla
402 2441 503 2502 mulier
517 2441 628 2516 potione
646 2442 802 2500 abortivum
817 2450 958 2517 procuret,
972 2449 1019 2500 aut
1075 2442 1223 2508 prestante
1248 2436 1369 2494 Domino
1391 2447 1487 2497 nostro
1509 2441 1573 2499 lesu
1594 2440 1715 2512 Christo,
1741 2442 1791 2518 qui
1812 2459 1877 2500 cum

220 2539 367 2608 conceptos
395 2532 467 2589 fetus
501 2531 617 2590 occidet.
637 2533 736 2590 llulier
761 2549 822 2608 qua
841 2532 1017 2608 iniquitatem
1075 2524 1155 2582 Patre
1171 2532 1199 2583 et
1212 2524 1318 2600 Spiritu
1329 2535 1425 2587 musto
1438 2529 1512 2587 vivit
1525 2538 1552 2588 et
1566 2539 1661 2606 regnat
1672 2533 1703 2591 iu
1713 2533 1817 2594 secula
1830 2549 1877 2592 se-

220 2623 292 2680 hanc
322 2621 482 2696 patraverit,
516 2628 632 2695 quantos
662 2637 756 2694 parere
783 2622 918 2696 potuisset
936 2621 1018 2691 lilios,
1075 2616 1213 2687 culorum,
1229 2633 1322 2674 amen.

221 2717 360 2771 tantorum
378 2708 592 2767 homicidiorum
606 2725 662 2780 rea,
677 2711 812 2768 rationem
826 2708 967 2767 redditura
978 2715 1020 2768 est

224 2801 253 2858 in
268 2800 313 2860 die
324 2799 436 2875 judicii.
453 2799 615 2873 Quicunque
630 2800 765 2857 malorum
781 2798 943 2872 hujusmodi
957 2815 1020 2856 reus

1359 2727 1479 2787 smalto
1498 2729 1588 2790 XXV.

1254 2823 1294 2882 lle
1308 2833 1403 2904 sancta
1421 2825 1633 2904 Quadreqesima
1645 2833 1697 2890 IX.

221 2891 354 2949 inuentus
379 2888 473 2957 luerit,
490 2887 610 2961 perdidit
628 2887 759 2962 baptismi
779 2891 908 2948 meritum
927 2903 1019 2948 eoram
1075 2924 1138 2982 hm
1149 2919 1254 2992 pridem
1277 2922 1318 2978 Mc
1338 2940 1422 2980 sermo
1445 2933 1599 2984 numm
1621 2927 1742 2984 mm
1763 2926 1879 2986 mm

220 2979 277 3036 D⁰⁰
291 2987 319 3034 θῑ
332 2977 436 3048 andem
450 2975 517 3047 ⁰i¹¹³·
1111 2993 1211 3059 siouos,
1225 2993 1321 3066 quippe
1336 2997 1383 3067 qui
1396 3015 1414 3054 o
1429 2997 1559 3055 Gratiano
1570 3005 1594 3056 et
1607 3000 1640 3056 P.
1655 2999 1805 3056 Lomburdo
1814 3000 1879 3056 Am-

258 3067 286 3124 u.
307 3063 594 3124 contestamurvohis
607 3079 699 3122 coram
716 3064 827 3124 Christo
840 3065 959 3123 Domino
972 3083 1020 3123 no·
1039 3105 1061 3166 G
1112 3064 1195 3121 brosii
1213 3066 1319 3122 semim
1342 3069 1438 3124 citatus
1467 3070 1560 3140 fuerit.
1584 3071 1687 3128 Horum
1713 3071 1875 3127 auctoritate

224 3163 291 3224 stro,
307 3153 381 3228 quod
399 3153 447 3228 qui
463 3154 565 3209 malum
586 3153 692 3224 lecerit,
708 3154 763 3212 nisi
776 3171 868 3212 veram
889 3155 1022 3228 poeniten·
1111 3137 1178 3194 ‘5⁰¹⁴‘
1207 3144 1232 3192 ti
1264 3139 1382 3221 codicum
1417 3142 1498 3199 Votis.
1531 3150 1556 3198 et
1581 3143 1693 3226 Medici..
1718 3161 1737 3199 o
1767 3143 1876 3200 Decreti

223 3245 291 3303 tiam
316 3242 412 3316 egerit,
441 3242 630 3316 eleemosynas
649 3242 738 3316 justas
757 3244 863 3314 lecerit,
878 3252 906 3302 et
924 3244 978 3301 nisi
992 3244 1022 3301 in
1111 3208 1323 3266 ‘mmmmm
1342 3213 1460 3269 ‘'¹‘de
1480 3221 1570 3271 ⁸⁰³⁶¹⁰
1583 3215 1693 3272 9⁰⁰&
1712 3215 1876 3271 “Milium

224 3332 305 3392 bonis
315 3331 444 3407 operibus
457 3349 532 3390 more
543 3332 622 3389 illum
639 3332 786 3403 inuenerit,
794 3333 868 3408 quod
881 3349 1022 3407 uunquam
1111 3297 1293 3363 ‘mimum
1312 3284 1427 3341 ''mm'‘
1456 3286 1551 3343 VM
1571 3303 1625 3342 'm
1681 3303 1786 3343 “m
1807 3303 1875 3358 iim

1112 3353 1279 3409 admiremur
1292 3355 1426 3413 eruditiss.
1439 3358 1521 3415 Gurd.
1537 3359 1615 3415 nom
1624 3361 1643 3416 li
1662 3359 1874 3432 ‚riier.Liturq.

222 3422 375 3498 possidebit
389 3423 476 3480 vitam
491 3430 631 3493 aeternam,
645 3422 694 3480 sed
708 3441 772 3482 cum
787 3423 899 3480 diabolo
913 3423 1023 3481 descen·

223 3512 271 3570 det
289 3513 317 3568 in
333 3511 472 3568 infensum
493 3530 500 3580 ;
521 3512 587 3585 quia
612 3536 621 3560 ι
640 3521 716 3570 arcta
729 3520 757 3569 et
775 3519 946 3585 angustaest
965 3512 1021 3581 uia,

224 3615 284 3672 quae
300 3599 377 3656 ducit
393 3599 428 3656 ud
445 3599 530 3654 uitam
549 3600 658 3670 (naut.
675 3617 726 3668 vir,
742 3599 819 3671 ill.»
840 3601 877 3656 Et
890 3599 953 3656 ideo
967 3615 1022 3657 non

225 3695 333 3746 tantum
359 3694 470 3760 propter
483 3687 610 3744 timorem
629 3687 740 3759 judicii,
762 3689 810 3746 sed
824 3695 937 3762 propter
949 3705 1023 3746 amo·

226 3791 282 3834 rem
302 3775 364 3845 Dei,
386 3782 413 3832 et
436 3774 535 3849 gaudia
553 3777 617 3832 vitae
629 3786 748 3848 aeternae,
771 3777 805 3835 ab
819 3779 895 3835 omni
909 3777 979 3836 vitio
998 3787 1025 3836 ct

227 3867 299 3924 malo
318 3881 347 3923 se
379 3865 515 3924 abstinere
546 3867 608 3941 quis
637 3867 728 3938 debet,
751 3867 834 3925 etiam
852 3883 928 3942 spem
946 3883 1023 3925 suam

228 3957 305 4016 omni
320 3955 388 4014 hors
403 3956 433 4012 in
448 3957 535 4013 Deum
549 3973 659 4030 ponere.

264 4055 307 4114 m.
328 4055 445 4128 Serpens
474 4071 537 4114 cum
557 4055 665 4113 venerit
680 4056 716 4114 ad
733 4057 887 4118 bibendum
914 4073 1023 4134 aquam

228 4145 388 4220 priusquam
402 4143 490 4214 bibat,
515 4153 593 4202 extra
620 4145 724 4203 iontem
753 4149 858 4206 evomit
887 4164 1024 4205 uenenum

227 4250 320 4304 suum,
344 4241 372 4292 et
388 4245 481 4308 postea
492 4234 564 4292 bibit
577 4253 584 4304 ;
601 4234 640 4292 ita
662 4245 690 4293 et
703 4252 754 4294 nos
767 4237 877 4311 quaudo
891 4237 926 4294 sd
940 4235 1024 4295 altare

226 4324 339 4382 Domini
353 4325 582 4384 communicaturi
597 4328 763 4398 accedimus,
776 4326 959 4402 desponamus
972 4345 1025 4386 re-

1112 3440 1170 3497 cep.
1188 3425 1230 3494 li,
1248 3443 1321 3481 num.
1337 3428 1364 3497 5,
1382 3445 1433 3500 pro
1447 3430 1624 3486 Ambrosiam
1637 3431 1725 3572 gisum
1738 3431 1874 3488 hahuisse.

1111 3496 1216 3552 Etenim
1238 3499 1279 3553 ccl
1303 3499 1350 3554 hoc
1372 3503 1458 3557 solum
1477 3503 1548 3572 quod
1569 3519 1618 3574 per

1112 3567 1234 3697 tuit.
1245 3569 1459 3714 “tetri-titel
1473 3574 1876 3704 stultesceret

1112 3713 1684 3868 uclulsususemsumrs
1695 3719 1766 3847 itii
1782 3736 1877 3864 ilbi

1110 3859 1251 3928 permittit,
1267 3859 1356 3916 eudem
1370 3861 1423 3916 bec
1439 3876 1499 3917 cum
1512 3877 1591 3918 serm.
1607 3861 1624 3920 8
1643 3862 1673 3919 iu
1688 3861 1759 3919 Psal.
1774 3879 1876 3932 cxvrrr,

1113 3941 1187 3987 uum.
1214 3931 1260 4000 ts,
1280 3932 1467 4004 composueris,
1489 3933 1614 4005 quomis
1627 3951 1655 3991 eo
1674 3935 1742 3991 nilum
1763 3935 1879 3992 exsistat

1113 3997 1334 4069 Ambrosianum,
1356 4005 1447 4062 statim
1472 4006 1622 4079 comperies.
1640 4007 1728 4064 Porro
1749 4009 1877 4064 mutotie

1113 4085 1193 4131 mesu
1217 4075 1345 4134 nonum
1363 4077 1517 4144 editoribus,
1541 4078 1588 4149 qui
1603 4078 1687 4151 primi
1708 4095 1767 4134 eum
1788 4080 1878 4152 prcelo

1118 4146 1257 4230 subjecere,
1269 4147 1298 4203 iu
1311 4165 1340 4204 eo
1362 4147 1447 4219 factos
1470 4167 1503 4206 ee
1521 4149 1606 4207 codice
1627 4150 1785 4207 bibliothecae
1807 4149 1878 4211 Vat-

1115 4219 1243 4277 ltoellome
1260 4220 1463 4278 emeudueimm.

1116 4331 1140 4386 l.
1157 4329 1230 4386 Ecc‘e
1243 4344 1319 4386 nuuc
1340 4335 1449 4404 tempus
1462 4327 1539 4388 adest
1555 4329 1625 4406 (89),
1649 4331 1678 4388 iu
1697 4348 1752 4406 quo
1772 4338 1800 4388 ct
1814 4347 1877 4406 pec-

1662 3503 1876 3575 uodrupesimum

226 4427 329 4468 nenum
353 4415 522 4486 pessimum:
552 4416 606 4476 boc
634 4426 686 4489 est,
709 4418 891 4489 iracundiam,
914 4418 1022 4489 odium,
1039 4469 1063 4530 D
1078 4425 1139 4478 cata
1156 4427 1247 4476 uestra
1267 4419 1393 4476 confiteri
1412 4421 1469 4478 Deo
1490 4427 1518 4478 et
1540 4421 1683 4490 secerdoti,
1705 4430 1733 4479 et
1746 4437 1793 4495 per
1804 4419 1877 4495 jeju·

229 4501 375 4572 inuidiam,
391 4504 550 4577 lalsitatem,
566 4508 752 4582 iniquitatem,
769 4511 924 4581 avaritiam,
946 4512 1022 4586 cupi·
1078 4507 1136 4579 nia,
1156 4514 1183 4564 et
1201 4507 1351 4578 orationes,
1366 4517 1393 4566 et
1418 4510 1564 4584 lacrymas,
1584 4518 1666 4586 etque
1688 4511 1877 4584 eleemosynas

229 4591 355 4659 dilatem,
368 4593 534 4667 superbiam,
543 4597 726 4672 sacrilegium,
741 4601 859 4672 lurtum,
873 4602 1025 4672 luxuriam,
1080 4597 1172 4656 delere
1203 4597 1308 4656 debetis
1336 4599 1387 4672 (lle
1412 4600 1520 4668 Ponit„
1549 4600 1613 4658 dist.
1642 4602 1669 4671 i,
1697 4616 1756 4674 cap.
1785 4600 1876 4672 Ecce).

228 4685 329 4744 laisum
350 4687 552 4758 testimonium,
574 4688 751 4763 discordiam,
771 4693 946 4768 periurium:
967 4693 1027 4752 baec
1081 4689 1170 4758 Quare
1191 4686 1328 4747 erubescit
1349 4698 1475 4763 peccator
1493 4691 1668 4750 manifestare
1687 4697 1797 4765 peccata
1816 4705 1876 4759 sua,

229 4784 295 4833 sunt
307 4775 461 4834 animamm
478 4795 592 4836 venena.
606 4781 660 4838 Ista
675 4783 751 4855 prius
769 4785 933 4858 repellamus
949 4801 1026 4842 eno·
1081 4795 1142 4853 quae
1166 4786 1192 4836 et
1207 4780 1264 4836 Deo
1285 4786 1313 4836 et
1335 4784 1409 4843 425
1432 4781 1535 4855 angelis
1548 4780 1687 4852 omnibus,
1707 4789 1789 4854 utque
1803 4796 1877 4838 cun-

229 4863 283 4934 bis,
309 4865 398 4923 etsie
425 4866 459 4923 ad
484 4867 568 4924 altare
595 4869 707 4927 Domini
722 4889 835 4946 corpore
855 4883 882 4932 et
896 4873 1027 4948 sanguine
1081 4875 1134 4933 ctis
1157 4875 1251 4933 electis
1283 4875 1428 4936 animabus
1464 4887 1528 4937 sunt
1555 4886 1622 4936 nota
1652 4886 1679 4936 et
1711 4877 1878 4936 manifesta?

233 4951 292 5028 ejus
315 4953 457 5013 satiemur.
480 4955 645 5016 blundemus
658 4959 741 5018 corda
755 4969 782 5018 et
807 4979 921 5039 corpora
935 4971 1028 5021 nostra
1082 4965 1254 5025 Confessioe
1274 4977 1362 5026 morte
1377 4969 1498 5026 animam
1519 4969 1628 5040 liberat,
1647 4969 1784 5028 confessio
1798 4984 1877 5044 para·

229 5043 265 5103 ab
279 5044 355 5103 omni
382 5045 453 5103 vitio
476 5048 566 5118 malo;
582 5058 613 5108 ut
638 5058 712 5110 casto
726 5069 849 5127 corpore,
877 5064 904 5113 et
925 5053 1029 5112 mundo
1082 5054 1173 5112 disum
1189 5057 1287 5130 aperit,
1306 5057 1443 5117 confessio
1456 5076 1532 5132 spem
1546 5059 1672 5116 salvandi
1692 5058 1802 5116 tribuit.
1818 5060 1878 5117 llu-

230 5133 323 5205 ccrde,
349 5141 376 5193 et
390 5152 452 5194 cum
468 5151 563 5196 secura
576 5142 746 5201 conscientia
757 5144 804 5206 {ad
818 5145 903 5202 altare
916 5145 1029 5201 Domini
1082 5145 1116 5204 de
1131 5145 1269 5221 Scriptura
1284 5148 1371 5206 dicit:
1394 5149 1467 5208 «llic
1481 5157 1511 5207 tu
1521 5149 1681 5224 iniquitates
1689 5157 1750 5206 tuas
1761 5148 1875 5223 primus,

230 5224 368 5298 pessimus
391 5225 529 5286 accedere.
557 5229 648 5290 Etiam
677 5249 725 5306 per
741 5249 837 5290 omnes
855 5232 1027 5305 festivitates,
1083 5245 1115 5294 ut
1122 5234 1283 5310 justificeris
1297 5237 1365 5310 (Iso.
1381 5255 1460 5313 auin,
1478 5239 1556 5316 26).·
1573 5238 1671 5300 liiciis
1682 5239 1776 5298 uerbis
1790 5245 1876 5297 osten·

268 5465 327 5547 (89)
341 5467 372 5524 ln
386 5466 454 5550 cod..
465 5467 600 5528 Bibliotb.
615 5470 715 5529 Vallie.
726 5477 755 5528 et
767 5470 840 5544 apud
859 5470 982 5530 Gratias.
997 5489 1029 5533 ea
1084 5470 1200 5534 missum
1215 5473 1286 5534 luit:
1302 5475 1369 5534 Ecce
1385 5491 1456 5534 uum
1479 5481 1580 5550 tempus
1592 5471 1758 5551 acceptabile,
1779 5477 1811 5532 ut
1831 5484 1876 5530 su·

231 5532 314 5608 buyus
335 5554 470 5598 sermonis
487 5541 576 5615 prima
599 5541 683 5599 verba
695 5550 780 5600 sunt:
798 5543 826 5599 in
848 5543 916 5602 edit.
937 5553 1029 5605 autem
1080 5547 1185 5622 periuri
1197 5547 1338 5608 Dmsioico
1353 5550 1471 5622 lcqimus.

231 5605 311 5665 Rom.
332 5606 386 5670 boc
409 5611 521 5671 initium
547 5613 607 5672 siue
632 5620 700 5674 teste
713 5622 761 5674 eut
778 5613 938 5691 fidejussore
960 5635 1026 5694 prae·
