4082 6176
119 331 170 388 bil

538 331 724 391 SERMONES
743 333 770 393 S.
791 333 969 394 AMBROSIO
988 337 1174 397 HACTENUS
1193 340 1365 400 ASCRIPTl.

1723 346 1776 404 638

118 457 393 531 quodillejudieium
403 460 512 530 metuit,
525 460 714 536 hicjudieium
725 465 962 530 comminatumA
1011 469 1079 525 hune
1102 470 1201 527 dumo
1219 473 1360 542 pruritibus
1379 474 1514 530 institutos
1532 491 1581 546 per
1603 476 1707 548 aliquot
1730 495 1776 534 su·

119 547 192 622 quod
216 549 266 605 ille
281 549 468 623 corruptionis
491 552 618 610 minister
631 562 682 624 εει,
698 554 744 612 hic
758 558 919 616 aeternitatis

118 647 158 695 est
179 639 341 696 Dominus:
372 641 445 714 quod
461 641 508 698 ille
530 650 655 700 creatura
670 652 722 710 est,
741 645 787 702 hic
801 653 915 704 creator.

152 727 179 784 6.
200 729 304 784 Tamen
313 728 397 785 istum
411 730 509 786 mundi
523 731 619 800 solem,
632 733 792 807 priusquam
801 735 916 804 oriatur,

116 815 210 872 adhuc
234 822 309 882 399
332 825 395 875 ante
418 820 506 876 lucem
533 829 643 894 propter
664 824 831 882 necessarios
853 842 919 883 usus

117 918 266 974 bominum
282 919 352 975 solet
372 920 485 976 lucerna
499 921 659 992 praecedere.
679 923 766 980 Habet
786 931 877 980 autem
892 931 919 979 et

117 1008 247 1066 Christus
274 1008 316 1064 sol
343 1009 482 1067 lucernam
508 1028 595 1082 stram,
623 1030 683 1088 quar
706 1014 919 1087 eumpraoessh

118 1100 191 1170 (21),
216 1101 289 1158 sieut
309 1101 378 1158 dicit
407 1103 543 1176 Propheta
567 1120 574 1158 :
610 1128 620 1152 ‹
648 1104 746 1160 Paravi
777 1104 917 1161 lucernam

115 1189 229 1248 Christo
260 1207 321 1246 meo
336 1192 422 1263 (Psoi.
445 1210 542 1261 cxxxi,
569 1195 627 1266 17).
649 1219 657 1243 ι
679 1194 744 1262 Qua
758 1203 850 1250 autem
865 1194 917 1250 ista

117 1282 231 1338 lucerna
255 1280 300 1349 sit,
324 1281 445 1338 ostendit
467 1283 612 1352 Dominus,
637 1284 732 1342 dicens
759 1284 792 1341 de
813 1285 917 1340 toanne

117 1369 265 1442 Baptista:
286 1390 303 1418 ·ι
330 1371 380 1427 111ε
408 1379 465 1428 erat
489 1375 604 1430 lucerna
639 1373 737 1430 ardens
764 1381 791 1430 ει
822 1373 917 1430 lucens

117 1464 212 1532 (loon.
229 1481 259 1531 v,
275 1463 334 1536 15),
352 1489 361 1512 ι
383 1466 443 1537 Ipse
458 1472 549 1522 autem
576 1467 702 1534 loannes,
716 1473 748 1522 ιιι
763 1465 918 1538 praecedens

119 1554 240 1610 lucernae
255 1554 350 1610 lumen
364 1553 496 1626 exiguum
507 1554 547 1609 ait
563 1572 569 1612 :
593 1557 683 1612 «Eece
697 1562 758 1627 post
773 1554 917 1622 mevenit,

118 1643 198 1716 cuijus
214 1643 274 1716 (22)
295 1659 428 1701 nonaum
452 1645 553 1718 diguus
576 1647 682 1702 solvere
697 1646 842 1718 corrigiam
857 1645 919 1702 oal-

118 1739 325 1788 eeamentorum
349 1731 418 1804 ejus,
443 1733 501 1806 ipse
518 1751 566 1791 vos
588 1734 738 1806 baptizabit
765 1736 794 1790 in
813 1733 918 1806 Spiritu

1013 543 1073 597 culo
1090 543 1238 598 Christiani
1254 561 1307 599 non
1325 546 1407 616 pauci
1421 546 1572 614 retinerent,
1588 549 1709 604 murima
1723 547 1778 618 [uit

993 629 1078 668 ,euro
1092 614 1140 670 SS.
1155 616 1279 682 Petrum,
1295 622 1325 671 nt
1349 618 1421 687 ipsos
1447 623 1501 672 turn
1530 617 1557 670 in
1585 620 1703 688 synodis,
1721 626 1777 676 tum

1011 684 1040 738 in
1063 685 1231 741 concionibus
1254 688 1287 742 nb
1308 688 1461 757 hujusmodi
1485 689 1652 744 deterrerent.
1674 691 1777 748 illude

1012 771 1082 811 conc.
1104 758 1189 812 Trull.
1212 775 1270 814 cun.
1287 758 1331 815 62.
1353 762 1453 816 Τιινειι.
1475 777 1495 815 ιι
1519 777 1577 816 con.
1596 761 1627 817 17
1649 767 1673 816 et
1692 763 1773 820 Tolet.

1013 841 1045 882 1v-
1067 844 1125 883 corr.
1144 829 1174 883 ll
1200 831 1271 884 clere
1284 831 1463 901 coquoscitur,¹
1481 847 1512 887 oc
1525 833 1598 886 corii
1614 849 1746 888 sermones
1757 852 1776 889 o

1015 897 1209 970 Chrysostoruo,
1229 901 1388 971 Auqnstino,
1403 903 1522 960 Macrino
1537 909 1561 958 et
1573 903 1636 959 otiis
1662 904 1690 959 in
1717 921 1776 960 eum

1013 986 1069 1023 rem
1092 971 1174 1025 babiti
1197 973 1363 1043 coufirvuunt.
1390 975 1496 1030 Citetur
1510 991 1612 1044 quoqne
1634 977 1668 1030 ob
1693 977 1775 1032 laone
1835 1006 1843 1018 ,

1017 1041 1128 1098 Curnnt.
1147 1059 1232 1097 serino
1248 1043 1383 1100 Ambrosii
1397 1046 1427 1101 de
1442 1047 1488 1100 boc
1507 1052 1671 1116 orqrnneute,
1697 1046 1775 1116 cuijus

1014 1112 1119 1182 quidem
1130 1115 1227 1185 priora
1242 1116 1320 1170 verba
1345 1133 1402 1171 cnm
1426 1118 1614 1174 bocsermone
1635 1134 1688 1172 non
1707 1135 1774 1173 cou-

1015 1185 1132 1253 venient,
1148 1186 1205 1241 ulio
1229 1187 1295 1241 sotis
1312 1195 1468 1258 eonqruunt.
1486 1188 1535 1244 Sed
1549 1191 1602 1243 siue
1624 1189 1692 1244 bane
1716 1205 1774 1244 con·

1015 1255 1124 1326 cionem,
1153 1257 1206 1310 siue
1231 1259 1315 1313 aliurn
1331 1259 1377 1314 ille
1392 1259 1498 1324 uiderit,
1513 1265 1635 1314 neutram
1647 1266 1775 1331 putemus

1015 1327 1220 1384 Ambrosianum
1228 1346 1239 1392 ;
1258 1347 1311 1384 non
1334 1331 1404 1384 enim
1418 1331 1483 1385 istus
1497 1331 1695 1401 superstitiones
1708 1331 1774 1386 obti-

1014 1399 1102 1453 nuisse
1121 1399 1266 1456 Mediolani
1290 1402 1478 1457 crediderimus
1500 1417 1558 1455 cum
1578 1402 1606 1456 in
1632 1401 1700 1456 ueris
1719 1401 1776 1457 iltis

1015 1470 1186 1537 sermonibus,
1214 1487 1246 1526 en
1270 1472 1364 1542 quibus
1381 1473 1465 1544 primi
1486 1473 1629 1527 nutriminis
1648 1479 1777 1528 tractulus

1014 1547 1142 1609 constont,
1158 1557 1290 1612 nusquam
1304 1544 1333 1598 in
1347 1545 1411 1600 illus
1434 1545 1548 1599 inuectus
1570 1543 1654 1614 fucrit
1667 1550 1776 1600 sauctus

1013 1613 1131 1668 antuus.
1163 1613 1224 1670 Vide
1247 1631 1326 1685 super
1353 1617 1400 1670 hoc
1425 1633 1482 1686 quie
1516 1622 1577 1670 tom.
1607 1617 1636 1684 l,
1666 1615 1712 1670 lib.
1742 1633 1774 1685 11,

1014 1681 1047 1738 de
1074 1684 1215 1755 Interpell.
1250 1684 1338 1741 David
1365 1703 1423 1757 cup.
1447 1689 1474 1752 1,
1502 1702 1574 1741 num.
1598 1687 1626 1754 5,
1650 1687 1774 1742 subnote-

1011 1754 1106 1809 oimus.
1123 1755 1199 1811 Adde
1217 1756 1287 1827 quod
1313 1762 1337 1811 et
1359 1757 1389 1812 in
1408 1775 1470 1813 msc.
1484 1757 1609 1828 pluribus
1624 1757 1774 1829 Anqustino

117 1829 215 1877 sancto
229 1829 257 1878 et
271 1820 333 1894 igne
346 1823 426 1891 (Luc.
443 1839 485 1891 ιιι,
504 1823 583 1895 16).»
607 1822 695 1880 Simul
710 1822 793 1878 etiam
809 1820 920 1878 intelli·
940 1835 963 1897 Β
1014 1825 1161 1882 tribuatur.

119 1929 188 1985 gens
210 1912 305 1968 lumen
328 1929 409 1969 suum
429 1913 496 1970 solis
522 1913 607 1970 radiis
632 1913 836 1981 offuscandum,
860 1922 922 1970 ante

120 2000 251 2073 praedicit
266 2017 272 2055 ε
294 2026 304 2049 ι
317 2003 397 2060 lllum
408 2013 514 2078 oportet
525 2019 657 2072 crescere,
670 2013 816 2060 meantem
832 2003 922 2060 minui

121 2090 218 2161 (toan.
233 2107 275 2158 ιιι,
287 2090 365 2164 30)·
386 2093 464 2149 Sicut
474 2095 547 2150 enim
563 2091 923 2150 lucernaeclaritasdestrui·

119 2187 167 2234 tur
178 2179 247 2237 solis
261 2181 391 2250 adventu,
406 2181 445 2239 ita
469 2190 496 2241 et
510 2183 624 2240 loannis
639 2183 809 2257 poeniteutiae
827 2183 924 2256 bapti-

117 2287 212 2327 smum
228 2273 438 2344 superveniente
451 2273 554 2331 Christi
566 2274 653 2347 qratia
665 2282 812 2332 vacuatum
836 2283 886 2332 εει.

157 2361 183 2417 7.
206 2360 453 2434 Videamusigitur
463 2363 509 2419 hic
524 2364 564 2420 sol
578 2371 671 2420 noster
681 2379 834 2436 novusquo
848 2364 924 2423 fonte

119 2460 260 2510 nascatur.
291 2454 369 2512 Sicut
399 2462 441 2511 εει
466 2470 574 2522 verum,
604 2458 661 2512 Deo
684 2456 772 2512 oritur
791 2466 922 2516 auctore:

118 2541 281 2598 divinitatis
292 2559 356 2614 ergo
367 2542 508 2612 aethlius,
521 2543 687 2612 divinitatis,
699 2545 824 2617 inquam,
834 2546 924 2604 incor-

122 2640 223 2705 rupta,
236 2632 360 2705 integra,
372 2631 495 2689 illibata.
512 2633 640 2706 intelligo
655 2635 735 2707 plane
750 2636 923 2707 mysterium:

122 2721 188 2777 ideo
227 2719 302 2777 enim
332 2720 454 2778 secunda
481 2721 613 2779 nativitas
647 2739 695 2796 per
720 2724 924 2782 immaculatam

121 2810 252 2878 Mariam,
281 2810 346 2882 quia
373 2810 449 2882 prior
485 2827 533 2881 per
560 2811 736 2868 divinitatem
765 2809 926 2871 constiterat

122 2897 236 2954 illibata
253 2917 259 2954 :
277 2905 308 2954 ut
321 2899 365 2956 cui
382 2899 458 2972 prior
469 2900 600 2956 nativitas
610 2901 728 2972 gloriosa
738 2903 856 2971 exstitit,
867 2901 926 2975 ejus
982 2953 988 2966 ,

122 2987 247 3045 secunda
261 2989 463 3045 contumeliosa
477 3004 532 3044 non
542 2987 636 3046 fieret:
649 2988 703 3046 hoc
714 2997 765 3058 est,
777 2997 817 3059 ut,
833 3007 926 3064 quem·

1014 1969 1039 2026 l.
1054 1970 1105 2026 Est
1123 1970 1193 2026 mihi
1207 1969 1339 2028 adversus
1355 1972 1499 2046 plerosque
1515 1978 1648 2040 vestrum,
1659 1972 1772 2042 fratres,

978 2060 1089 2132 querela
1102 2076 1158 2116 non
1173 2059 1282 2120 modica
1299 2079 1306 2117 :
1336 2059 1371 2118 de
1392 2060 1436 2118 his
1452 2063 1549 2134 loquor
1563 2061 1611 2134 qui
1633 2059 1778 2118 nobiscum

977 2148 1100 2204 Natalem
1121 2148 1235 2205 Domini
1259 2149 1442 2218 celebrantes,
1470 2149 1615 2222 gentilium
1641 2165 1671 2206 se
1699 2148 1778 2207 feriis

978 2235 1123 2308 dederunt,
1147 2245 1175 2294 et
1198 2246 1258 2310 post
1276 2238 1349 2295 illud
1369 2239 1479 2296 eoeleste
1500 2237 1662 2294 convivium
1677 2255 1779 2312 super-

979 2325 1101 2384 stitionis
1122 2327 1177 2384 sibi
1192 2327 1338 2400 prandium
1360 2335 1572 2402 praepararunt:
1595 2335 1626 2384 ut
1653 2329 1779 2402 quiante

979 2414 1111 2472 laetificati
1138 2416 1249 2473 tuerent
1276 2415 1431 2485 sanctitate,
1464 2416 1667 2474 inebriarentur
1686 2424 1779 2491 postea

979 2507 1112 2577 vanitate,
1137 2507 1295 2581 ignorantes
1318 2509 1391 2582 quod
1415 2509 1547 2582 quivult
1575 2525 1687 2581 regnare
1714 2524 1777 2566 euru

980 2595 1101 2665 Christo,
1128 2613 1184 2653 non
1206 2597 1294 2670 possit
1318 2596 1435 2670 gaudere
1455 2614 1518 2654 eum
1541 2598 1665 2654 saeculo:
1689 2604 1716 2653 et
1730 2596 1778 2670 qui

979 2686 1332 2759 vultinvenirejustitiam‚
1354 2687 1450 2744 debeat
1464 2687 1602 2745 declinare
1625 2687 1777 2746 luxuriam.

979 2775 1043 2832 Alia
1057 2775 1130 2832 enim
1153 2775 1223 2832 ratio
1247 2782 1288 2831 est
1313 2776 1376 2832 vita
1393 2783 1512 2844 aeternae,
1540 2776 1595 2832 alia
1619 2775 1774 2850 desperatio

980 2863 1100 2920 lasciviae
1114 2863 1285 2936 temporalis:
1299 2863 1333 2920 ad
1348 2863 1425 2920 illam
1441 2863 1545 2922 virtute
1559 2864 1728 2931 ascenditur,
1742 2863 1777 2921 ad

980 2963 1061 3011 istam
1075 2953 1229 3026 perditione
1243 2953 1432 3011 descenditur.

121 3077 276 3134 sommum
301 3077 379 3148 virgo
403 3076 483 3132 ittam
505 3077 791 3146 sternumentum,
813 3080 926 3138 imaum
1016 3065 1043 3122 ι·
1061 3066 1150 3138 arque
1165 3063 1226 3121 ideo
1241 3064 1288 3139 qut
1303 3066 1435 3123 variasse
1449 3064 1611 3122 divinorum
1625 3064 1775 3139 particeps,

122 3175 151 3222 ρ(
178 3165 259 3238 virgo
294 3165 381 3223 Marta
410 3174 562 3238 generaret,
607 3165 712 3222 Habere
742 3165 824 3222 eriam
854 3166 928 3240 apud
943 3189 964 3249 C
981 3171 1037 3212 uon
1057 3153 1138 3212 debet
1161 3153 1670 3212 essesociusidotorum:idolienim
1685 3154 1776 3226 portio

123 3254 255 3311 homines
296 3262 402 3327 patrem
445 3255 588 3323 scribitur,
629 3255 701 3311 sicut
741 3254 857 3327 legimns
897 3256 926 3312 in
981 3252 1022 3301 est
1044 3243 1181 3301 inebriare
1206 3243 1274 3299 vino
1295 3251 1426 3314 mentem,
1451 3251 1576 3300 ventrem
1598 3242 1776 3301 eibodisten·

127 3342 295 3414 Evangelio,
318 3342 474 3399 dicentibus
489 3341 634 3399 Pharisaeis
653 3357 659 3396 ε
682 3341 803 3397 «Nonne
826 3341 872 3399 hie
888 3351 929 3398 est
982 3344 1055 3412 dere,
1078 3343 1272 3401 saltationibus
1289 3343 1411 3400 membra
1437 3340 1510 3397 400
1534 3352 1681 3417 torquere:
1698 3350 1725 3399 et
1740 3341 1778 3397 ita

10 3481 12 3488 .
122 3432 204 3488 silius
220 3431 320 3504 loseph
343 3430 425 3498 fabri,
444 3439 469 3486 ει
491 3437 577 3486 mater
592 3429 651 3502 ejus
664 3430 749 3487 Maria
763 3436 804 3486 est
821 3431 925 3502 (Muttb.
982 3432 1074 3505 pravis
1097 3434 1204 3491 actibus
1227 3434 1366 3507 occupari,
1387 3443 1418 3493 ιιι
1442 3436 1548 3508 cogaris
1563 3435 1689 3509 ignorare
1703 3432 1777 3507 quod

122 3539 189 3589 xrrr,
217 3521 290 3592 brit?
318 3520 379 3576 »ln
408 3518 460 3577 hoe
490 3535 599 3593 quoque
627 3519 738 3575 adverte
753 3519 926 3591 mysterium.
983 3522 1117 3580 Deusest.
1141 3522 1220 3580 Unde
1242 3530 1354 3580 sauctus
1374 3525 1523 3596 Apostolus
1539 3524 1599 3582 haec
1621 3523 1779 3596 previdens

123 3611 216 3668 Faber
237 3617 315 3682 pater
340 3609 444 3667 dicitur
459 3609 574 3668 Christi.
603 3612 639 3667 Et
659 3611 741 3684 plane
760 3610 835 3668 taber
850 3611 928 3667 Pater
982 3611 1073 3670 dicit:
1099 3639 1109 3664 ι
1132 3614 1198 3683 Qum
1212 3613 1302 3685 portio
1314 3613 1432 3686 justina
1457 3631 1521 3673 cum
1546 3615 1717 3690 iniquitate?
1731 3622 1780 3671 aut

122 3702 211 3768 Deus,
237 3699 285 3772 qui
301 3699 385 3756 totins
413 3699 511 3756 mundi
539 3715 622 3772 opera
647 3699 797 3768 fabricatus
824 3709 884 3756 est:
901 3708 928 3756 ει
982 3718 1042 3775 quae
1056 3703 1171 3761 societas
1185 3704 1241 3761 tuci
1252 3720 1315 3761 cum
1330 3706 1476 3763 tenebris?
1488 3715 1537 3762 aut
1551 3722 1612 3780 qua
1625 3723 1686 3780 pars
1702 3705 1778 3763 fideli

123 3794 209 3866 plane
222 3777 310 3858 faber,
325 3791 372 3848 sed
386 3791 432 3865 qui
448 3791 478 3848 in
491 3791 600 3850 diluvio
614 3792 672 3848 Noe
686 3807 776 3848 aream
794 3791 928 3848 fabricare
982 3808 1045 3849 cum
1061 3792 1192 3851 infideli?
1207 3794 1268 3866 quis
1278 3800 1369 3850 autem
1380 3797 1644 3870 eonsensustemplo
1655 3797 1705 3853 Dei
1715 3813 1778 3854 oum

123 3881 275 3954 disposuit.
295 3881 392 3949 Faber,
416 3882 543 3957 inquam,
559 3889 601 3939 est
623 3883 671 3956 qui
686 3881 827 3939 ordinavit
840 3881 928 3954 Moysi
982 3881 1065 3939 idolis
1080 3883 1125 3955 (ΙΙ
1148 3883 1210 3940 Cor.
1228 3901 1267 3954 vr,
1285 3883 1327 3952 rt,
1344 3885 1389 3957 15)
1406 3885 1443 3941 i·
1467 3886 1539 3959 Ergo
1561 3885 1584 3942 si
1609 3901 1659 3942 nos
1683 3901 1780 3942 sumus

123 3967 350 4036 tabernaculum,
365 3984 455 4026 aream
465 3970 633 4028 Testamenti
648 3971 780 4042 instituit,
794 3972 928 4044 templum
982 3971 1115 4044 templum
1128 3971 1189 4040 Dei,
1211 3972 1304 4030 curin
1328 3975 1430 4046 templo
1447 3974 1497 4032 Dei
1517 3975 1620 4032 colitur
1644 3973 1780 4030 festivitas

127 4054 287 4112 Salomonis
315 4056 412 4113 erexit.
442 4057 563 4114 Fahrum
593 4059 724 4129 dixerim,
759 4061 808 4134 qui
824 4067 929 4116 mentes
983 4060 1206 4120 idolorumrcur
1221 4063 1269 4119 uhi
1285 4062 1414 4122 Christus
1428 4063 1542 4131 habitat,
1558 4063 1606 4136 qui
1630 4069 1670 4118 est
1693 4060 1779 4117 absti-

128 4145 237 4218 rigidas
265 4145 372 4202 emollit
405 4147 477 4218 (23),
506 4149 685 4220 cogitationes
723 4152 853 4225 superbas
881 4168 929 4208 re·
983 4151 1088 4220 nentia,
1105 4152 1298 4225 temperantia,
1314 4152 1435 4220 castitas,
1447 4152 1589 4209 inducitur
1603 4148 1777 4218 comessatio,

127 4235 246 4303 scindit,
271 4233 389 4290 humilia
416 4235 490 4292 lacta
516 4236 657 4296 sublimat.
689 4241 740 4299 llic
765 4248 856 4298 autem
885 4241 930 4296 la·
984 4241 1214 4314 abbatematque
1239 4242 1388 4299 lasciviat
1424 4239 1496 4298 Dicit
1523 4238 1596 4295 enim
1619 4238 1745 4295 Salvator
1770 4253 1777 4293 τ

128 4327 179 4382 her
195 4323 270 4381 circa
284 4322 395 4380 arbores
417 4340 504 4381 curvo
518 4323 606 4380 utitur
621 4325 793 4394 ferramento,
810 4329 883 4388 sieut
901 4329 929 4386 in
992 4330 1099 4387 «Nemo
1109 4337 1198 4403 potest
1211 4329 1318 4386 duobus
1343 4328 1464 4386 dominis
1483 4327 1587 4386 servire
1614 4327 1720 4400 (Mettb.
1737 4343 1778 4393 rr,

127 4414 416 4488 livangelioleqimus,
429 4412 670 4471 dicentetoanno:
690 4416 767 4472 ‹Jam
778 4419 881 4476 securis
895 4418 931 4475 ad
984 4419 1042 4492 21),
1063 4444 1072 4468 ›
1093 4418 1211 4486 horest,
1227 4419 1283 4475 Deo
1298 4427 1325 4476 ει
1341 4434 1514 4475 mammona.
1530 4417 1675 4486 Quomodo
1691 4417 1778 4491 igitur

128 4506 249 4564 radicem
266 4505 396 4562 arborum
418 4505 508 4578 posita
522 4511 573 4560 est.
597 4503 694 4562 Omnis
721 4505 801 4563 arbor
815 4526 870 4566 non
884 4510 930 4566 ta·
985 4507 1097 4582 potestis
1118 4507 1243 4580 religiose
1267 4506 1450 4581 Epiphaniam
1475 4507 1588 4565 Domini
1615 4522 1778 4580 procurare,

128 4601 206 4656 ciens
218 4598 338 4655 fructum
356 4597 415 4670 (21)
432 4597 587 4666 excidetur,
613 4605 640 4655 et
654 4597 683 4654 in
698 4600 789 4673 ignem
806 4601 929 4659 mittetur
983 4599 1029 4672 qui
1037 4598 1094 4670 jam
1106 4596 1252 4667 Kalendas,
1264 4605 1397 4671 quantum
1408 4597 1437 4655 in
1448 4595 1779 4668 vobisest,devotissime

131 4689 238 4761 (Mettb.
261 4705 303 4757 ιιι,
334 4689 410 4760 10).»
442 4687 589 4746 Moceuirn
616 4688 785 4763 agittotum‚
804 4697 833 4746 ut
848 4692 931 4749 utiles
986 4688 1167 4746 celebrastis?
1525 4747 1533 4757 ,

129 4778 250 4836 ⁰oe¹⁰⁵ll⁸
260 4778 372 4836 13111103)
384 4778 495 4836 ³¹b0f⁰⁸
506 4778 536 4835 5¹1
548 4786 844 4854 structurae0¹11P⁰¹lat
858 4782 930 4855 (²5),
1020 4795 1047 4853 3.
1062 4795 1147 4853 lanus
1162 4795 1236 4854 enirn
1259 4795 1343 4852 homo
1356 4794 1410 4851 luit
1425 4794 1507 4852 unius
1528 4793 1657 4852 moditor
1680 4794 1779 4853 eivita-

128 4865 316 4924 illfffl⁰lfl⁰⁸³⁵
356 4883 422 4924 V0f⁰
449 4868 558 4926 ⁰V1¹¹³³⁵
592 4869 725 4929 radicilus
755 4871 929 4929 flammarum
984 4885 1030 4956 tis,
1045 4884 1274 4960 qualanieulum
1296 4893 1481 4957 nuncupatur,
1502 4884 1532 4941 iu
1548 4883 1628 4959 cujus
1643 4885 1779 4942 honorem

130 4972 277 5022 consumat
290 4965 429 5024 incendio.

433 5058 550 5118 SERMO
564 5059 625 5120 VM.

355 5149 394 5206 De
409 5147 540 5206 Kalendis
554 5149 702 5206 ianuariis.

983 4991 1000 5032 a
1014 4975 1141 5048 gentibus
1153 4974 1278 5032 kalendae
1293 4983 1357 5031 sunt
1367 4973 1504 5034 Ianuariae
1518 4983 1693 5048 nuncupatus,
1705 4975 1778 5033 unde

984 5064 1032 5137 qui
1049 5063 1178 5120 kalendas
1193 5063 1336 5120 lanuarias
1358 5062 1435 5131 eolit,
1451 5071 1555 5137 peccat,
1575 5064 1705 5138 quoniam
1731 5063 1780 5120 ho·

984 5151 1053 5207 mini
1067 5158 1177 5208 mortuo
1193 5149 1281 5208 delert
1295 5151 1450 5210 divinitatis
1465 5153 1639 5226 obsequium.
1656 5151 1722 5208 lnde
1734 5155 1777 5206 est

133 5233 201 5288 Cum
216 5233 292 5290 ludes
312 5251 343 5290 oc
356 5234 489 5308 profanam
513 5237 684 5293 coeremonias
696 5237 732 5294 ed
745 5238 930 5298 celebrandum
983 5239 1055 5313 quod
1067 5239 1106 5296 ait
1120 5241 1283 5312 Apostolus:
1302 5241 1386 5299 «Dies
1400 5242 1563 5312 observatis,
1578 5249 1606 5296 ει
1619 5255 1736 5305 ιιιειιεεε,
1751 5245 1780 5293 ει

167 5332 228 5405 (21)
255 5335 356 5394 Omnes
383 5335 463 5406 edit,
488 5353 547 5409 que
578 5335 635 5406 ejus
657 5344 746 5396 ortum
766 5343 929 5413 precessit;

130 5421 227 5461 ourues
246 5423 324 5476 msa,
346 5425 405 5479 quim
418 5426 477 5464 erum
498 5410 641 5481 precessit.
667 5411 703 5466 Et
716 5411 816 5469 iterum
832 5431 928 5474 omnes

131 5475 198 5534 edit.
213 5493 277 5534 cum
293 5478 379 5552 Luqd.
395 5479 469 5548 eod,
487 5482 594 5536 lucerna
608 5481 714 5537 lucens:
729 5483 817 5540 codex
828 5486 928 5544 Vallis·

131 5547 179 5674 ab
200 5549 313 5674 clncnuo
339 5551 457 5620 ordens;
474 5551 572 5610 melius
594 5549 676 5621 Situ,
703 5555 810 5613 lucerua
830 5559 928 5616 ardens

134 5635 146 5672 t
181 5637 198 5674 11
214 5636 268 5676 ms.
684 5637 686 5642 ’

169 5689 228 5764 (22)
248 5693 327 5753 Rom.
343 5693 410 5752 edit.
425 5693 494 5765 sola,
511 5695 597 5757 Veniet
605 5695 704 5772 [ortior
712 5715 763 5766 nte,
770 5701 858 5775 cujus,
872 5711 925 5764 ete.

1019 5348 1077 5430 (23)
1094 5349 1195 5406 Omnes
1208 5349 1274 5406 edit.
1290 5366 1322 5407 ac
1335 5349 1391 5408 duo
1412 5367 1488 5419 mss,
1504 5350 1552 5420 qni
1564 5353 1660 5428 nentes
1674 5343 1779 5415 riqidos

982 5421 1082 5491 eepoht
1092 5438 1101 5486 ;
1113 5421 1213 5477 melius
1227 5428 1318 5479 tamen
1332 5422 1393 5479 eod.
1406 5421 1543 5486 Vallisol.,
1559 5419 1668 5474 emollit.

1032 5490 1077 5562 21)
1094 5493 1173 5548 Ιιοιιι.
1188 5492 1254 5550 edit.
1270 5495 1337 5560 sola,
1357 5510 1410 5548 non
1425 5491 1525 5562 faciens
1537 5489 1656 5558 [ructum
1670 5485 1777 5545 bouum.

1031 5561 1078 5634 25)
1094 5562 1169 5620 Edit.
1186 5581 1249 5621 oum
1265 5583 1316 5621 ms.
1333 5564 1430 5635 bugd,
1451 5564 1480 5618 in
1499 5560 1593 5630 futuro
1614 5566 1754 5631 componet
1771 5578 1777 5618 :

981 5633 1085 5708 optime
1098 5634 1179 5695 codd.
1197 5635 1268 5694 Vall.
1283 5645 1311 5694 et
1330 5634 1412 5703 Sita,
1429 5634 1458 5689 in
1478 5633 1613 5688 iunctura
1627 5639 1777 5706 componet.
