<?xml version="1.0" encoding="UTF-8"?>
<!DOCTYPE html PUBLIC "-//W3C//DTD XHTML 1.0 Transitional//EN"
    "http://www.w3.org/TR/xhtml1/DTD/xhtml1-transitional.dtd">
<html xmlns="http://www.w3.org/1999/xhtml" xml:lang="en" lang="en">
 <head>
  <title>
</title>
<meta http-equiv="Content-Type" content="text/html;charset=utf-8" />
  <meta name='ocr-system' content='tesseract 3.04.00' />
  <meta name='ocr-capabilities' content='ocr_page ocr_carea ocr_par ocr_line ocrx_word'/>
</head>
<body>
  <div class='ocr_page' id='page_1' title='image "./patrologiaecurs131migngoog_0496.png"; bbox 0 0 4038 6168; ppageno 0'>
   <div class='ocr_carea' id='block_1_1' title="bbox 114 279 1772 347">
    <p class='ocr_par' dir='ltr' id='par_1_1' title="bbox 114 279 1772 347">
     <span class='ocr_line' id='line_1_1' title="bbox 114 279 1772 347; baseline -0.003 -1"><span class='ocrx_word' id='word_1_1' title='bbox 114 288 165 347; x_wconf 80' lang='lat' dir='ltr'><strong>eal</strong></span> <span class='ocrx_word' id='word_1_2' title='bbox 555 284 786 345; x_wconf 74' lang='lat' dir='ltr'><strong>censuerunt</strong></span> <span class='ocrx_word' id='word_1_3' title='bbox 805 281 996 342; x_wconf 73' lang='lat' dir='ltr'><strong>Expostulo</strong></span> <span class='ocrx_word' id='word_1_4' title='bbox 1016 281 1052 340; x_wconf 86' lang='lat' dir='ltr'><strong>IN</strong></span> <span class='ocrx_word' id='word_1_5' title='bbox 1070 279 1325 341; x_wconf 78' lang='lat' dir='ltr'><strong>APOCALYPSIN.</strong></span> <span class='ocrx_word' id='word_1_6' title='bbox 1718 279 1772 342; x_wconf 68' lang='lat'><strong>982</strong></span> 
     </span>
    </p>
   </div>
   <div class='ocr_carea' id='block_1_2' title="bbox 113 404 1774 2023">
    <p class='ocr_par' dir='ltr' id='par_1_2' title="bbox 113 404 1774 2023">
     <span class='ocr_line' id='line_1_2' title="bbox 114 404 1773 481; baseline -0.006 -7"><span class='ocrx_word' id='word_1_7' title='bbox 114 433 172 474; x_wconf 92' lang='lat' dir='ltr'><strong>non</strong></span> <span class='ocrx_word' id='word_1_8' title='bbox 196 413 322 474; x_wconf 88' lang='lat' dir='ltr'><strong>dieitur:</strong></span> <span class='ocrx_word' id='word_1_9' title='bbox 357 412 493 471; x_wconf 89' lang='lat' dir='ltr'><strong>secundus</strong></span> <span class='ocrx_word' id='word_1_10' title='bbox 511 420 601 472; x_wconf 89' lang='lat' dir='ltr'><strong>autern</strong></span> <span class='ocrx_word' id='word_1_11' title='bbox 621 414 715 471; x_wconf 90' lang='lat' dir='ltr'><strong>botros</strong></span> <span class='ocrx_word' id='word_1_12' title='bbox 733 413 819 470; x_wconf 81' lang='lat' dir='ltr'><strong>vinee</strong></span> <span class='ocrx_word' id='word_1_13' title='bbox 834 420 914 470; x_wconf 79' lang='lat' dir='ltr'><strong>terra</strong></span> <span class='ocrx_word' id='word_1_14' title='bbox 928 415 954 475; x_wconf 81' lang='grc' dir='ltr'><strong>Α</strong></span> <span class='ocrx_word' id='word_1_15' title='bbox 970 423 1065 467; x_wconf 87' lang='lat' dir='ltr'><strong>eornm</strong></span> <span class='ocrx_word' id='word_1_16' title='bbox 1080 408 1165 467; x_wconf 83' lang='lat' dir='ltr'><strong>fuerit</strong></span> <span class='ocrx_word' id='word_1_17' title='bbox 1178 423 1310 466; x_wconf 89' lang='lat' dir='ltr'><strong>numerus</strong></span> <span class='ocrx_word' id='word_1_18' title='bbox 1322 405 1485 481; x_wconf 87' lang='lat' dir='ltr'><strong>completus.</strong></span> <span class='ocrx_word' id='word_1_19' title='bbox 1501 404 1638 465; x_wconf 71' lang='lat' dir='ltr'><strong>Similiter</strong></span> <span class='ocrx_word' id='word_1_20' title='bbox 1649 413 1678 465; x_wconf 90' lang='lat' dir='ltr'><strong>et</strong></span> <span class='ocrx_word' id='word_1_21' title='bbox 1691 411 1773 481; x_wconf 82' lang='lat' dir='ltr'><strong>quar·</strong></span> 
     </span>
     <span class='ocr_line' id='line_1_3' title="bbox 114 495 1773 578; baseline -0.008 -12"><span class='ocrx_word' id='word_1_22' title='bbox 114 507 250 566; x_wconf 83' lang='lat' dir='ltr'><strong>inlocum</strong></span> <span class='ocrx_word' id='word_1_23' title='bbox 266 504 378 562; x_wconf 84' lang='lat' dir='ltr'><strong>iraellei</strong></span> <span class='ocrx_word' id='word_1_24' title='bbox 395 520 523 578; x_wconf 89' lang='lat' dir='ltr'><strong>magnum</strong></span> <span class='ocrx_word' id='word_1_25' title='bbox 540 503 647 562; x_wconf 83' lang='lat' dir='ltr'><strong>misisse</strong></span> <span class='ocrx_word' id='word_1_26' title='bbox 660 503 752 563; x_wconf 91' lang='lat' dir='ltr'><strong>dictus</strong></span> <span class='ocrx_word' id='word_1_27' title='bbox 767 512 818 561; x_wconf 90' lang='lat' dir='ltr'><strong>est.</strong></span> <span class='ocrx_word' id='word_1_28' title='bbox 837 502 918 562; x_wconf 87' lang='lat' dir='ltr'><strong>Vide·</strong></span> <span class='ocrx_word' id='word_1_29' title='bbox 972 507 1017 558; x_wconf 89' lang='lat' dir='ltr'><strong>tus</strong></span> <span class='ocrx_word' id='word_1_30' title='bbox 1030 500 1143 573; x_wconf 77' lang='lat' dir='ltr'><strong>angelus</strong></span> <span class='ocrx_word' id='word_1_31' title='bbox 1157 497 1205 573; x_wconf 91' lang='lat' dir='ltr'><strong>qui</strong></span> <span class='ocrx_word' id='word_1_32' title='bbox 1220 499 1288 556; x_wconf 88' lang='lat' dir='ltr'><strong>exiit</strong></span> <span class='ocrx_word' id='word_1_33' title='bbox 1301 496 1336 555; x_wconf 91' lang='lat' dir='ltr'><strong>de</strong></span> <span class='ocrx_word' id='word_1_34' title='bbox 1349 498 1439 568; x_wconf 85' lang='lat' dir='ltr'><strong>altari,</strong></span> <span class='ocrx_word' id='word_1_35' title='bbox 1455 496 1504 573; x_wconf 91' lang='lat' dir='ltr'><strong>qni</strong></span> <span class='ocrx_word' id='word_1_36' title='bbox 1517 495 1635 554; x_wconf 87' lang='lat' dir='ltr'><strong>habebat</strong></span> <span class='ocrx_word' id='word_1_37' title='bbox 1647 503 1773 570; x_wconf 88' lang='lat' dir='ltr'><strong>potesta-</strong></span> 
     </span>
     <span class='ocr_line' id='line_1_4' title="bbox 113 583 1774 670; baseline -0.007 -16"><span class='ocrx_word' id='word_1_38' title='bbox 113 605 162 654; x_wconf 85' lang='lat' dir='ltr'><strong>tur</strong></span> <span class='ocrx_word' id='word_1_39' title='bbox 184 596 278 670; x_wconf 88' lang='lat' dir='ltr'><strong>iteqne</strong></span> <span class='ocrx_word' id='word_1_40' title='bbox 301 593 370 651; x_wconf 93' lang='lat' dir='ltr'><strong>mihi</strong></span> <span class='ocrx_word' id='word_1_41' title='bbox 402 610 450 668; x_wconf 92' lang='grc' dir='ltr'><strong>ρετ</strong></span> <span class='ocrx_word' id='word_1_42' title='bbox 472 609 588 652; x_wconf 78' lang='lat' dir='ltr'><strong>messem</strong></span> <span class='ocrx_word' id='word_1_43' title='bbox 614 603 693 652; x_wconf 82' lang='lat' dir='ltr'><strong>terre</strong></span> <span class='ocrx_word' id='word_1_44' title='bbox 717 595 841 652; x_wconf 90' lang='lat' dir='ltr'><strong>electos:</strong></span> <span class='ocrx_word' id='word_1_45' title='bbox 870 609 918 668; x_wconf 90' lang='lat' dir='ltr'><strong>per</strong></span> <span class='ocrx_word' id='word_1_46' title='bbox 972 595 1027 646; x_wconf 90' lang='lat' dir='ltr'><strong>tem</strong></span> <span class='ocrx_word' id='word_1_47' title='bbox 1052 603 1134 662; x_wconf 90' lang='lat' dir='ltr'><strong>snper</strong></span> <span class='ocrx_word' id='word_1_48' title='bbox 1159 589 1262 662; x_wconf 90' lang='lat' dir='ltr'><strong>ignem,</strong></span> <span class='ocrx_word' id='word_1_49' title='bbox 1283 587 1407 644; x_wconf 89' lang='lat' dir='ltr'><strong>eamdem</strong></span> <span class='ocrx_word' id='word_1_50' title='bbox 1428 583 1659 660; x_wconf 83' lang='lat' dir='ltr'><strong>significationem</strong></span> <span class='ocrx_word' id='word_1_51' title='bbox 1688 583 1774 642; x_wconf 89' lang='lat' dir='ltr'><strong>habet</strong></span> 
     </span>
     <span class='ocr_line' id='line_1_5' title="bbox 114 676 1769 760; baseline -0.008 -14"><span class='ocrx_word' id='word_1_52' title='bbox 114 687 325 755; x_wconf 67' lang='lat' dir='ltr'><strong>horrescentem,</strong></span> <span class='ocrx_word' id='word_1_53' title='bbox 340 701 374 742; x_wconf 91' lang='lat' dir='ltr'><strong>ex</strong></span> <span class='ocrx_word' id='word_1_54' title='bbox 398 685 499 758; x_wconf 89' lang='lat' dir='ltr'><strong>quihus</strong></span> <span class='ocrx_word' id='word_1_55' title='bbox 511 685 609 742; x_wconf 89' lang='lat' dir='ltr'><strong>viuum</strong></span> <span class='ocrx_word' id='word_1_56' title='bbox 631 685 730 756; x_wconf 89' lang='lat' dir='ltr'><strong>oritur,</strong></span> <span class='ocrx_word' id='word_1_57' title='bbox 745 683 820 760; x_wconf 91' lang='lat' dir='ltr'><strong>qnod</strong></span> <span class='ocrx_word' id='word_1_58' title='bbox 834 699 918 740; x_wconf 90' lang='lat' dir='ltr'><strong>men·</strong></span> <span class='ocrx_word' id='word_1_59' title='bbox 971 695 1054 756; x_wconf 89' lang='lat' dir='ltr'><strong>qnam</strong></span> <span class='ocrx_word' id='word_1_60' title='bbox 1068 687 1095 736; x_wconf 90' lang='lat' dir='ltr'><strong>et</strong></span> <span class='ocrx_word' id='word_1_61' title='bbox 1108 680 1246 738; x_wconf 87' lang='lat' dir='ltr'><strong>secundus</strong></span> <span class='ocrx_word' id='word_1_62' title='bbox 1266 677 1314 752; x_wconf 90' lang='lat' dir='ltr'><strong>qui</strong></span> <span class='ocrx_word' id='word_1_63' title='bbox 1334 678 1368 736; x_wconf 92' lang='lat' dir='ltr'><strong>de</strong></span> <span class='ocrx_word' id='word_1_64' title='bbox 1386 677 1489 750; x_wconf 90' lang='lat' dir='ltr'><strong>templo</strong></span> <span class='ocrx_word' id='word_1_65' title='bbox 1504 676 1605 735; x_wconf 83' lang='lat' dir='ltr'><strong>exiisse</strong></span> <span class='ocrx_word' id='word_1_66' title='bbox 1618 676 1696 733; x_wconf 90' lang='lat' dir='ltr'><strong>visus</strong></span> <span class='ocrx_word' id='word_1_67' title='bbox 1710 683 1769 746; x_wconf 90' lang='lat' dir='ltr'><strong>esl;</strong></span> 
     </span>
     <span class='ocr_line' id='line_1_6' title="bbox 114 773 1771 852; baseline -0.002 -16"><span class='ocrx_word' id='word_1_68' title='bbox 114 787 155 838; x_wconf 89' lang='lat' dir='ltr'><strong>tes</strong></span> <span class='ocrx_word' id='word_1_69' title='bbox 189 776 335 835; x_wconf 89' lang='lat' dir='ltr'><strong>hominum</strong></span> <span class='ocrx_word' id='word_1_70' title='bbox 365 775 476 844; x_wconf 90' lang='lat' dir='ltr'><strong>alienat,</strong></span> <span class='ocrx_word' id='word_1_71' title='bbox 503 775 633 848; x_wconf 89' lang='lat' dir='ltr'><strong>reprobos</strong></span> <span class='ocrx_word' id='word_1_72' title='bbox 666 789 725 832; x_wconf 89' lang='lat' dir='ltr'><strong>esse</strong></span> <span class='ocrx_word' id='word_1_73' title='bbox 750 773 914 846; x_wconf 81' lang='lat' dir='ltr'><strong>designatos.</strong></span> <span class='ocrx_word' id='word_1_74' title='bbox 970 776 1108 852; x_wconf 89' lang='lat' dir='ltr'><strong>significat</strong></span> <span class='ocrx_word' id='word_1_75' title='bbox 1135 792 1252 850; x_wconf 87' lang='lat' dir='ltr'><strong>namque</strong></span> <span class='ocrx_word' id='word_1_76' title='bbox 1275 776 1376 834; x_wconf 89' lang='lat' dir='ltr'><strong>electos</strong></span> <span class='ocrx_word' id='word_1_77' title='bbox 1397 775 1426 832; x_wconf 93' lang='lat' dir='ltr'><strong>in</strong></span> <span class='ocrx_word' id='word_1_78' title='bbox 1449 775 1501 832; x_wconf 90' lang='lat' dir='ltr'><strong>hac</strong></span> <span class='ocrx_word' id='word_1_79' title='bbox 1526 775 1585 832; x_wconf 88' lang='lat' dir='ltr'><strong>vita</strong></span> <span class='ocrx_word' id='word_1_80' title='bbox 1605 774 1771 832; x_wconf 80' lang='lat' dir='ltr'><strong>laborantes.</strong></span> 
     </span>
     <span class='ocr_line' id='line_1_7' title="bbox 114 863 1771 941; baseline -0.005 -14"><span class='ocrx_word' id='word_1_81' title='bbox 114 871 170 928; x_wconf 88' lang='lat' dir='ltr'><strong>lsta</strong></span> <span class='ocrx_word' id='word_1_82' title='bbox 184 877 224 926; x_wconf 88' lang='lat' dir='ltr'><strong>est</strong></span> <span class='ocrx_word' id='word_1_83' title='bbox 240 867 346 936; x_wconf 90' lang='lat' dir='ltr'><strong>messis,</strong></span> <span class='ocrx_word' id='word_1_84' title='bbox 357 865 391 922; x_wconf 90' lang='lat' dir='ltr'><strong>de</strong></span> <span class='ocrx_word' id='word_1_85' title='bbox 403 881 457 939; x_wconf 88' lang='lat' dir='ltr'><strong>qua</strong></span> <span class='ocrx_word' id='word_1_86' title='bbox 468 865 605 922; x_wconf 86' lang='lat' dir='ltr'><strong>Dominus</strong></span> <span class='ocrx_word' id='word_1_87' title='bbox 623 864 691 923; x_wconf 89' lang='lat' dir='ltr'><strong>dicit</strong></span> <span class='ocrx_word' id='word_1_88' title='bbox 699 865 728 921; x_wconf 94' lang='lat' dir='ltr'><strong>in</strong></span> <span class='ocrx_word' id='word_1_89' title='bbox 742 863 914 937; x_wconf 85' lang='lat' dir='ltr'><strong>Evangelio:</strong></span> <span class='ocrx_word' id='word_1_90' title='bbox 970 871 1065 926; x_wconf 74' lang='lat' dir='ltr'><strong>Aitsrc</strong></span> <span class='ocrx_word' id='word_1_91' title='bbox 1085 877 1176 927; x_wconf 77' lang='lat' dir='ltr'><strong>ccccm</strong></span> <span class='ocrx_word' id='word_1_92' title='bbox 1201 868 1353 926; x_wconf 70' lang='lat' dir='ltr'><strong>Ecclesiam</strong></span> <span class='ocrx_word' id='word_1_93' title='bbox 1382 866 1529 941; x_wconf 76' lang='lat' dir='ltr'><strong>significat,</strong></span> <span class='ocrx_word' id='word_1_94' title='bbox 1553 866 1625 925; x_wconf 77' lang='lat' dir='ltr'><strong>sicut</strong></span> <span class='ocrx_word' id='word_1_95' title='bbox 1644 874 1672 924; x_wconf 79' lang='lat' dir='ltr'><strong>ct</strong></span> <span class='ocrx_word' id='word_1_96' title='bbox 1693 873 1771 923; x_wconf 81' lang='lat' dir='ltr'><strong>tem-</strong></span> 
     </span>
     <span class='ocr_line' id='line_1_8' title="bbox 121 952 1771 1033; baseline -0.002 -17"><span class='ocrx_word' id='word_1_97' title='bbox 121 984 130 1007; x_wconf 83' lang='grc' dir='ltr'>ι</span> <span class='ocrx_word' id='word_1_98' title='bbox 151 960 182 1016; x_wconf 94' lang='lat' dir='ltr'><strong>ln</strong></span> <span class='ocrx_word' id='word_1_99' title='bbox 205 964 328 1030; x_wconf 89' lang='lat' dir='ltr'><strong>tempore</strong></span> <span class='ocrx_word' id='word_1_100' title='bbox 353 954 449 1012; x_wconf 89' lang='lat' dir='ltr'><strong>messis</strong></span> <span class='ocrx_word' id='word_1_101' title='bbox 471 954 560 1012; x_wconf 87' lang='lat' dir='ltr'><strong>dicem</strong></span> <span class='ocrx_word' id='word_1_102' title='bbox 586 955 769 1012; x_wconf 86' lang='lat' dir='ltr'><strong>messoribus:</strong></span> <span class='ocrx_word' id='word_1_103' title='bbox 788 952 916 1024; x_wconf 91' lang='lat' dir='ltr'><strong>Colligite</strong></span> <span class='ocrx_word' id='word_1_104' title='bbox 970 959 1068 1033; x_wconf 90' lang='lat' dir='ltr'><strong>plum;</strong></span> <span class='ocrx_word' id='word_1_105' title='bbox 1084 959 1237 1032; x_wconf 89' lang='lat' dir='ltr'><strong>perignem</strong></span> <span class='ocrx_word' id='word_1_106' title='bbox 1252 973 1318 1014; x_wconf 91' lang='lat' dir='ltr'><strong>vero</strong></span> <span class='ocrx_word' id='word_1_107' title='bbox 1334 957 1496 1015; x_wconf 88' lang='lat' dir='ltr'><strong>charitatem</strong></span> <span class='ocrx_word' id='word_1_108' title='bbox 1516 973 1662 1031; x_wconf 87' lang='lat' dir='ltr'><strong>possumus</strong></span> <span class='ocrx_word' id='word_1_109' title='bbox 1681 957 1771 1014; x_wconf 86' lang='lat' dir='ltr'><strong>iutel-</strong></span> 
     </span>
     <span class='ocr_line' id='line_1_9' title="bbox 114 1043 1770 1124; baseline -0.002 -20"><span class='ocrx_word' id='word_1_110' title='bbox 114 1048 236 1124; x_wconf 88' lang='lat' dir='ltr'><strong>primnm</strong></span> <span class='ocrx_word' id='word_1_111' title='bbox 258 1045 373 1114; x_wconf 86' lang='lat' dir='ltr'><strong>zizania,</strong></span> <span class='ocrx_word' id='word_1_112' title='bbox 388 1052 415 1102; x_wconf 92' lang='lat' dir='ltr'><strong>et</strong></span> <span class='ocrx_word' id='word_1_113' title='bbox 433 1045 517 1117; x_wconf 90' lang='lat' dir='ltr'><strong>ligate</strong></span> <span class='ocrx_word' id='word_1_114' title='bbox 531 1061 562 1102; x_wconf 88' lang='lat' dir='ltr'><strong>ee</strong></span> <span class='ocrx_word' id='word_1_115' title='bbox 584 1045 613 1101; x_wconf 94' lang='lat' dir='ltr'><strong>in</strong></span> <span class='ocrx_word' id='word_1_116' title='bbox 628 1043 820 1102; x_wconf 86' lang='lat' dir='ltr'><strong>fasciculosad</strong></span> <span class='ocrx_word' id='word_1_117' title='bbox 833 1059 915 1102; x_wconf 89' lang='lat' dir='ltr'><strong>com-</strong></span> <span class='ocrx_word' id='word_1_118' title='bbox 970 1050 1064 1124; x_wconf 64' lang='grc' dir='ltr'>ἤρετο,</span> <span class='ocrx_word' id='word_1_119' title='bbox 1090 1067 1171 1124; x_wconf 75' lang='lat' dir='ltr'><strong>quam</strong></span> <span class='ocrx_word' id='word_1_120' title='bbox 1200 1049 1229 1106; x_wconf 83' lang='lat' dir='ltr'><strong>in</strong></span> <span class='ocrx_word' id='word_1_121' title='bbox 1260 1049 1391 1108; x_wconf 72' lang='lat' dir='ltr'><strong>cordibus</strong></span> <span class='ocrx_word' id='word_1_122' title='bbox 1417 1057 1573 1108; x_wconf 82' lang='lat' dir='ltr'><strong>sauciorum</strong></span> <span class='ocrx_word' id='word_1_123' title='bbox 1598 1049 1770 1124; x_wconf 77' lang='lat' dir='ltr'><strong>spiritalibus</strong></span> 
     </span>
     <span class='ocr_line' id='line_1_10' title="bbox 113 1136 1770 1214; baseline 0.001 -17"><span class='ocrx_word' id='word_1_124' title='bbox 113 1139 288 1198; x_wconf 87' lang='lat' dir='ltr'><strong>burendum:</strong></span> <span class='ocrx_word' id='word_1_125' title='bbox 305 1137 430 1196; x_wconf 89' lang='lat' dir='ltr'><strong>triticum</strong></span> <span class='ocrx_word' id='word_1_126' title='bbox 445 1153 511 1194; x_wconf 90' lang='lat' dir='ltr'><strong>vero</strong></span> <span class='ocrx_word' id='word_1_127' title='bbox 524 1136 665 1194; x_wconf 81' lang='lat' dir='ltr'><strong>recondite</strong></span> <span class='ocrx_word' id='word_1_128' title='bbox 680 1137 710 1194; x_wconf 92' lang='lat' dir='ltr'><strong>in</strong></span> <span class='ocrx_word' id='word_1_129' title='bbox 726 1136 833 1194; x_wconf 87' lang='lat' dir='ltr'><strong>horreis</strong></span> <span class='ocrx_word' id='word_1_130' title='bbox 847 1136 915 1192; x_wconf 90' lang='lat' dir='ltr'><strong>meis</strong></span> <span class='ocrx_word' id='word_1_131' title='bbox 970 1141 1099 1198; x_wconf 84' lang='lat' dir='ltr'><strong>fomentis</strong></span> <span class='ocrx_word' id='word_1_132' title='bbox 1112 1139 1232 1213; x_wconf 78' lang='lat' dir='ltr'><strong>Spiritus</strong></span> <span class='ocrx_word' id='word_1_133' title='bbox 1246 1146 1356 1197; x_wconf 89' lang='lat' dir='ltr'><strong>sanctus</strong></span> <span class='ocrx_word' id='word_1_134' title='bbox 1366 1139 1479 1197; x_wconf 79' lang='lat' dir='ltr'><strong>enutrit.</strong></span> <span class='ocrx_word' id='word_1_135' title='bbox 1492 1140 1579 1213; x_wconf 89' lang='lat' dir='ltr'><strong>Super</strong></span> <span class='ocrx_word' id='word_1_136' title='bbox 1589 1138 1665 1197; x_wconf 90' lang='lat' dir='ltr'><strong>hunc</strong></span> <span class='ocrx_word' id='word_1_137' title='bbox 1678 1139 1770 1214; x_wconf 89' lang='lat' dir='ltr'><strong>ignem</strong></span> 
     </span>
     <span class='ocr_line' id='line_1_11' title="bbox 115 1225 1771 1306; baseline -0.001 -16"><span class='ocrx_word' id='word_1_138' title='bbox 115 1230 222 1303; x_wconf 75' lang='lat' dir='ltr'><strong>(Motu.</strong></span> <span class='ocrx_word' id='word_1_139' title='bbox 240 1228 394 1300; x_wconf 63' lang='lat' dir='ltr'><strong>stupidi.»</strong></span> <span class='ocrx_word' id='word_1_140' title='bbox 411 1227 464 1296; x_wconf 86' lang='lat' dir='ltr'><strong>Qui</strong></span> <span class='ocrx_word' id='word_1_141' title='bbox 487 1227 637 1285; x_wconf 80' lang='lat' dir='ltr'><strong>enim-illic</strong></span> <span class='ocrx_word' id='word_1_142' title='bbox 646 1243 694 1300; x_wconf 90' lang='grc' dir='ltr'><strong>ρετ</strong></span> <span class='ocrx_word' id='word_1_143' title='bbox 708 1226 844 1296; x_wconf 88' lang='lat' dir='ltr'><strong>triticum,</strong></span> <span class='ocrx_word' id='word_1_144' title='bbox 861 1225 914 1299; x_wconf 89' lang='lat' dir='ltr'><strong>ipsi</strong></span> <span class='ocrx_word' id='word_1_145' title='bbox 969 1231 1056 1289; x_wconf 89' lang='lat' dir='ltr'><strong>saneti</strong></span> <span class='ocrx_word' id='word_1_146' title='bbox 1087 1230 1187 1289; x_wconf 92' lang='lat' dir='ltr'><strong>habere</strong></span> <span class='ocrx_word' id='word_1_147' title='bbox 1214 1239 1377 1306; x_wconf 86' lang='lat' dir='ltr'><strong>potestatam</strong></span> <span class='ocrx_word' id='word_1_148' title='bbox 1401 1229 1464 1287; x_wconf 94' lang='lat' dir='ltr'><strong>ideo</strong></span> <span class='ocrx_word' id='word_1_149' title='bbox 1487 1228 1630 1301; x_wconf 90' lang='lat' dir='ltr'><strong>dicuntur,</strong></span> <span class='ocrx_word' id='word_1_150' title='bbox 1653 1230 1719 1305; x_wconf 91' lang='lat' dir='ltr'><strong>quia</strong></span> <span class='ocrx_word' id='word_1_151' title='bbox 1743 1239 1771 1290; x_wconf 86' lang='lat' dir='ltr'><strong>et</strong></span> 
     </span>
     <span class='ocr_line' id='line_1_12' title="bbox 114 1315 1771 1397; baseline 0.001 -18"><span class='ocrx_word' id='word_1_152' title='bbox 114 1319 144 1375; x_wconf 93' lang='lat' dir='ltr'><strong>in</strong></span> <span class='ocrx_word' id='word_1_153' title='bbox 169 1319 223 1375; x_wconf 87' lang='lat' dir='ltr'><strong>boc</strong></span> <span class='ocrx_word' id='word_1_154' title='bbox 243 1318 303 1375; x_wconf 89' lang='lat' dir='ltr'><strong>loco</strong></span> <span class='ocrx_word' id='word_1_155' title='bbox 328 1333 376 1390; x_wconf 87' lang='grc' dir='ltr'><strong>ρετ</strong></span> <span class='ocrx_word' id='word_1_156' title='bbox 394 1331 509 1374; x_wconf 84' lang='lat' dir='ltr'><strong>messem</strong></span> <span class='ocrx_word' id='word_1_157' title='bbox 528 1317 717 1390; x_wconf 83' lang='lat' dir='ltr'><strong>designantur.</strong></span> <span class='ocrx_word' id='word_1_158' title='bbox 742 1317 778 1372; x_wconf 85' lang='lat' dir='ltr'><strong>Et</strong></span> <span class='ocrx_word' id='word_1_159' title='bbox 794 1317 841 1390; x_wconf 85' lang='lat' dir='ltr'><strong>qui</strong></span> <span class='ocrx_word' id='word_1_160' title='bbox 857 1315 915 1372; x_wconf 86' lang='lat' dir='ltr'><strong>illic</strong></span> <span class='ocrx_word' id='word_1_161' title='bbox 968 1322 1021 1397; x_wconf 88' lang='lat' dir='ltr'><strong>ipsi</strong></span> <span class='ocrx_word' id='word_1_162' title='bbox 1037 1323 1177 1396; x_wconf 86' lang='lat' dir='ltr'><strong>possident</strong></span> <span class='ocrx_word' id='word_1_163' title='bbox 1190 1322 1364 1392; x_wconf 84' lang='lat' dir='ltr'><strong>charitatem,</strong></span> <span class='ocrx_word' id='word_1_164' title='bbox 1379 1330 1406 1380; x_wconf 87' lang='lat' dir='ltr'><strong>et</strong></span> <span class='ocrx_word' id='word_1_165' title='bbox 1421 1321 1596 1395; x_wconf 83' lang='lat' dir='ltr'><strong>possidentur</strong></span> <span class='ocrx_word' id='word_1_166' title='bbox 1609 1321 1645 1380; x_wconf 86' lang='lat' dir='ltr'><strong>ab</strong></span> <span class='ocrx_word' id='word_1_167' title='bbox 1661 1339 1702 1381; x_wconf 86' lang='lat' dir='ltr'><strong>ea.</strong></span> <span class='ocrx_word' id='word_1_168' title='bbox 1717 1323 1771 1382; x_wconf 89' lang='lat' dir='ltr'><strong>lste</strong></span> 
     </span>
     <span class='ocr_line' id='line_1_13' title="bbox 114 1405 1772 1486; baseline 0.003 -21"><span class='ocrx_word' id='word_1_169' title='bbox 114 1425 164 1484; x_wconf 89' lang='grc' dir='ltr'><strong>ρετ</strong></span> <span class='ocrx_word' id='word_1_170' title='bbox 181 1407 295 1477; x_wconf 74' lang='lat' dir='ltr'><strong>zizania,</strong></span> <span class='ocrx_word' id='word_1_171' title='bbox 317 1407 369 1482; x_wconf 92' lang='lat' dir='ltr'><strong>ipsi</strong></span> <span class='ocrx_word' id='word_1_172' title='bbox 385 1406 414 1462; x_wconf 93' lang='lat' dir='ltr'><strong>in</strong></span> <span class='ocrx_word' id='word_1_173' title='bbox 431 1405 554 1464; x_wconf 91' lang='lat' dir='ltr'><strong>hocloco</strong></span> <span class='ocrx_word' id='word_1_174' title='bbox 566 1421 614 1480; x_wconf 93' lang='lat' dir='ltr'><strong>per</strong></span> <span class='ocrx_word' id='word_1_175' title='bbox 628 1405 722 1463; x_wconf 90' lang='lat' dir='ltr'><strong>botros</strong></span> <span class='ocrx_word' id='word_1_176' title='bbox 735 1405 821 1463; x_wconf 81' lang='lat' dir='ltr'><strong>vineae</strong></span> <span class='ocrx_word' id='word_1_177' title='bbox 835 1415 914 1462; x_wconf 81' lang='lat' dir='ltr'><strong>terra</strong></span> <span class='ocrx_word' id='word_1_178' title='bbox 968 1428 1033 1486; x_wconf 81' lang='lat' dir='ltr'><strong>ccgc</strong></span> <span class='ocrx_word' id='word_1_179' title='bbox 1058 1413 1170 1486; x_wconf 76' lang='lat' dir='ltr'><strong>angelus</strong></span> <span class='ocrx_word' id='word_1_180' title='bbox 1186 1413 1318 1470; x_wconf 81' lang='lat' dir='ltr'><strong>clamavit</strong></span> <span class='ocrx_word' id='word_1_181' title='bbox 1333 1412 1368 1470; x_wconf 87' lang='lat' dir='ltr'><strong>ad</strong></span> <span class='ocrx_word' id='word_1_182' title='bbox 1382 1412 1494 1469; x_wconf 71' lang='lat' dir='ltr'><strong>undum</strong></span> <span class='ocrx_word' id='word_1_183' title='bbox 1516 1412 1643 1485; x_wconf 81' lang='lat' dir='ltr'><strong>angelum</strong></span> <span class='ocrx_word' id='word_1_184' title='bbox 1667 1428 1772 1470; x_wconf 73' lang='lat' dir='ltr'><strong>menn-</strong></span> 
     </span>
     <span class='ocr_line' id='line_1_14' title="bbox 113 1494 1769 1576; baseline 0.004 -21"><span class='ocrx_word' id='word_1_185' title='bbox 113 1498 270 1573; x_wconf 88' lang='lat' dir='ltr'><strong>lignrantur</strong></span> <span class='ocrx_word' id='word_1_186' title='bbox 283 1513 289 1552; x_wconf 77' lang='grc' dir='ltr'>ε</span> <span class='ocrx_word' id='word_1_187' title='bbox 304 1505 332 1553; x_wconf 90' lang='lat' dir='ltr'><strong>et</strong></span> <span class='ocrx_word' id='word_1_188' title='bbox 348 1496 413 1570; x_wconf 90' lang='lat' dir='ltr'><strong>qnia</strong></span> <span class='ocrx_word' id='word_1_189' title='bbox 430 1495 557 1554; x_wconf 90' lang='lat' dir='ltr'><strong>Christus</strong></span> <span class='ocrx_word' id='word_1_190' title='bbox 573 1495 654 1553; x_wconf 88' lang='lat' dir='ltr'><strong>aliter</strong></span> <span class='ocrx_word' id='word_1_191' title='bbox 669 1494 810 1568; x_wconf 80' lang='lat' dir='ltr'><strong>apparebit</strong></span> <span class='ocrx_word' id='word_1_192' title='bbox 819 1494 913 1567; x_wconf 88' lang='lat' dir='ltr'><strong>justis,</strong></span> <span class='ocrx_word' id='word_1_193' title='bbox 968 1501 1031 1558; x_wconf 83' lang='lat' dir='ltr'><strong>dam</strong></span> <span class='ocrx_word' id='word_1_194' title='bbox 1047 1502 1145 1560; x_wconf 82' lang='lat' dir='ltr'><strong>falcem</strong></span> <span class='ocrx_word' id='word_1_195' title='bbox 1166 1510 1318 1576; x_wconf 81' lang='lat' dir='ltr'><strong>gerentem,-</strong></span> <span class='ocrx_word' id='word_1_196' title='bbox 1335 1517 1418 1576; x_wconf 91' lang='lat' dir='ltr'><strong>quem</strong></span> <span class='ocrx_word' id='word_1_197' title='bbox 1435 1501 1576 1560; x_wconf 88' lang='lat' dir='ltr'><strong>Christum</strong></span> <span class='ocrx_word' id='word_1_198' title='bbox 1601 1502 1769 1576; x_wconf 85' lang='lat' dir='ltr'><strong>significasse</strong></span> 
     </span>
     <span class='ocr_line' id='line_1_15' title="bbox 113 1584 1770 1666; baseline 0.002 -20"><span class='ocrx_word' id='word_1_199' title='bbox 113 1596 142 1646; x_wconf 90' lang='lat' dir='ltr'><strong>et</strong></span> <span class='ocrx_word' id='word_1_200' title='bbox 169 1589 250 1646; x_wconf 89' lang='lat' dir='ltr'><strong>alitor</strong></span> <span class='ocrx_word' id='word_1_201' title='bbox 286 1585 407 1659; x_wconf 87' lang='lat' dir='ltr'><strong>injustis,</strong></span> <span class='ocrx_word' id='word_1_202' title='bbox 434 1601 490 1642; x_wconf 93' lang='lat' dir='ltr'><strong>non</strong></span> <span class='ocrx_word' id='word_1_203' title='bbox 513 1585 739 1642; x_wconf 89' lang='lat' dir='ltr'><strong>inconvenienter</strong></span> <span class='ocrx_word' id='word_1_204' title='bbox 766 1601 815 1658; x_wconf 88' lang='lat' dir='ltr'><strong>per</strong></span> <span class='ocrx_word' id='word_1_205' title='bbox 845 1584 914 1640; x_wconf 87' lang='lat' dir='ltr'><strong>dnos</strong></span> <span class='ocrx_word' id='word_1_206' title='bbox 968 1589 1104 1661; x_wconf 84' lang='lat' dir='ltr'><strong>diximus,</strong></span> <span class='ocrx_word' id='word_1_207' title='bbox 1127 1598 1159 1648; x_wconf 89' lang='lat' dir='ltr'><strong>nt</strong></span> <span class='ocrx_word' id='word_1_208' title='bbox 1180 1590 1365 1649; x_wconf 84' lang='lat' dir='ltr'><strong>vindemiaret</strong></span> <span class='ocrx_word' id='word_1_209' title='bbox 1382 1589 1476 1649; x_wconf 91' lang='lat' dir='ltr'><strong>botros</strong></span> <span class='ocrx_word' id='word_1_210' title='bbox 1495 1591 1583 1648; x_wconf 82' lang='lat' dir='ltr'><strong>vinee</strong></span> <span class='ocrx_word' id='word_1_211' title='bbox 1606 1601 1696 1663; x_wconf 75' lang='lat' dir='ltr'><strong>terrea,</strong></span> <span class='ocrx_word' id='word_1_212' title='bbox 1721 1608 1770 1666; x_wconf 93' lang='lat' dir='ltr'><strong>per</strong></span> 
     </span>
     <span class='ocr_line' id='line_1_16' title="bbox 113 1675 1770 1754; baseline 0.001 -21"><span class='ocrx_word' id='word_1_213' title='bbox 113 1678 226 1751; x_wconf 86' lang='lat' dir='ltr'><strong>angelos</strong></span> <span class='ocrx_word' id='word_1_214' title='bbox 249 1677 392 1750; x_wconf 86' lang='lat' dir='ltr'><strong>figuratur.</strong></span> <span class='ocrx_word' id='word_1_215' title='bbox 418 1675 488 1733; x_wconf 87' lang='lat' dir='ltr'><strong>lusti</strong></span> <span class='ocrx_word' id='word_1_216' title='bbox 504 1693 622 1750; x_wconf 88' lang='lat' dir='ltr'><strong>namque</strong></span> <span class='ocrx_word' id='word_1_217' title='bbox 637 1677 664 1732; x_wconf 91' lang='lat' dir='ltr'><strong>in</strong></span> <span class='ocrx_word' id='word_1_218' title='bbox 680 1675 774 1732; x_wconf 90' lang='lat' dir='ltr'><strong>eadem</strong></span> <span class='ocrx_word' id='word_1_219' title='bbox 787 1675 913 1733; x_wconf 89' lang='lat' dir='ltr'><strong>claritate</strong></span> <span class='ocrx_word' id='word_1_220' title='bbox 968 1695 1036 1753; x_wconf 87' lang='lat' dir='ltr'><strong>quos</strong></span> <span class='ocrx_word' id='word_1_221' title='bbox 1050 1680 1129 1754; x_wconf 85' lang='lat' dir='ltr'><strong>impii</strong></span> <span class='ocrx_word' id='word_1_222' title='bbox 1149 1679 1346 1753; x_wconf 83' lang='lat' dir='ltr'><strong>designantur;</strong></span> <span class='ocrx_word' id='word_1_223' title='bbox 1367 1679 1432 1754; x_wconf 84' lang='lat' dir='ltr'><strong>quia</strong></span> <span class='ocrx_word' id='word_1_224' title='bbox 1454 1680 1509 1737; x_wconf 87' lang='lat' dir='ltr'><strong>viri</strong></span> <span class='ocrx_word' id='word_1_225' title='bbox 1533 1682 1621 1740; x_wconf 85' lang='lat' dir='ltr'><strong>sancti</strong></span> <span class='ocrx_word' id='word_1_226' title='bbox 1644 1681 1770 1742; x_wconf 75' lang='lat' dir='ltr'><strong>videntes</strong></span> 
     </span>
     <span class='ocr_line' id='line_1_17' title="bbox 113 1763 1773 1846; baseline 0.003 -21"><span class='ocrx_word' id='word_1_227' title='bbox 113 1783 176 1825; x_wconf 89' lang='lat' dir='ltr'><strong>eunt</strong></span> <span class='ocrx_word' id='word_1_228' title='bbox 202 1765 347 1835; x_wconf 90' lang='lat' dir='ltr'><strong>videbunt,</strong></span> <span class='ocrx_word' id='word_1_229' title='bbox 363 1765 502 1839; x_wconf 90' lang='lat' dir='ltr'><strong>quomodo</strong></span> <span class='ocrx_word' id='word_1_230' title='bbox 516 1765 550 1821; x_wconf 89' lang='lat' dir='ltr'><strong>ab</strong></span> <span class='ocrx_word' id='word_1_231' title='bbox 565 1765 668 1839; x_wconf 84' lang='lat' dir='ltr'><strong>angelis</strong></span> <span class='ocrx_word' id='word_1_232' title='bbox 688 1772 713 1822; x_wconf 90' lang='lat' dir='ltr'><strong>et</strong></span> <span class='ocrx_word' id='word_1_233' title='bbox 730 1763 832 1822; x_wconf 91' lang='lat' dir='ltr'><strong>sanctis</strong></span> <span class='ocrx_word' id='word_1_234' title='bbox 851 1764 949 1846; x_wconf 74' lang='lat' dir='ltr'><strong>spi-B</strong></span> <span class='ocrx_word' id='word_1_235' title='bbox 968 1768 1093 1841; x_wconf 89' lang='lat' dir='ltr'><strong>quotidie</strong></span> <span class='ocrx_word' id='word_1_236' title='bbox 1107 1785 1193 1842; x_wconf 89' lang='lat' dir='ltr'><strong>genus</strong></span> <span class='ocrx_word' id='word_1_237' title='bbox 1209 1769 1361 1838; x_wconf 85' lang='lat' dir='ltr'><strong>humanum</strong></span> <span class='ocrx_word' id='word_1_238' title='bbox 1379 1785 1395 1826; x_wconf 89' lang='lat' dir='ltr'><strong>a</strong></span> <span class='ocrx_word' id='word_1_239' title='bbox 1416 1767 1589 1826; x_wconf 78' lang='lat' dir='ltr'><strong>damonibus</strong></span> <span class='ocrx_word' id='word_1_240' title='bbox 1605 1770 1706 1844; x_wconf 89' lang='lat' dir='ltr'><strong>decipi,</strong></span> <span class='ocrx_word' id='word_1_241' title='bbox 1724 1772 1773 1830; x_wconf 79' lang='lat' dir='ltr'><strong>si-</strong></span> 
     </span>
     <span class='ocr_line' id='line_1_18' title="bbox 113 1856 1774 1934; baseline 0.001 -17"><span class='ocrx_word' id='word_1_242' title='bbox 113 1861 216 1918; x_wconf 91' lang='lat' dir='ltr'><strong>ritibus</strong></span> <span class='ocrx_word' id='word_1_243' title='bbox 229 1859 259 1915; x_wconf 92' lang='lat' dir='ltr'><strong>in</strong></span> <span class='ocrx_word' id='word_1_244' title='bbox 274 1856 710 1927; x_wconf 72' lang='lat' dir='ltr'><strong>caelestibeatitudinecernitur;</strong></span> <span class='ocrx_word' id='word_1_245' title='bbox 727 1857 805 1930; x_wconf 89' lang='lat' dir='ltr'><strong>impii</strong></span> <span class='ocrx_word' id='word_1_246' title='bbox 822 1865 913 1916; x_wconf 89' lang='lat' dir='ltr'><strong>autern</strong></span> <span class='ocrx_word' id='word_1_247' title='bbox 972 1857 1068 1915; x_wconf 83' lang='lat' dir='ltr'><strong>dentes</strong></span> <span class='ocrx_word' id='word_1_248' title='bbox 1090 1858 1173 1916; x_wconf 87' lang='lat' dir='ltr'><strong>etiem</strong></span> <span class='ocrx_word' id='word_1_249' title='bbox 1201 1857 1302 1931; x_wconf 91' lang='lat' dir='ltr'><strong>impios</strong></span> <span class='ocrx_word' id='word_1_250' title='bbox 1327 1857 1434 1927; x_wconf 86' lang='lat' dir='ltr'><strong>llorere,</strong></span> <span class='ocrx_word' id='word_1_251' title='bbox 1456 1858 1646 1933; x_wconf 90' lang='lat' dir='ltr'><strong>mundumque</strong></span> <span class='ocrx_word' id='word_1_252' title='bbox 1666 1869 1774 1934; x_wconf 88' lang='lat' dir='ltr'><strong>semper</strong></span> 
     </span>
     <span class='ocr_line' id='line_1_19' title="bbox 113 1946 1773 2023; baseline 0 -14"><span class='ocrx_word' id='word_1_253' title='bbox 113 1951 145 2009; x_wconf 92' lang='lat' dir='ltr'><strong>in</strong></span> <span class='ocrx_word' id='word_1_254' title='bbox 171 1966 203 2006; x_wconf 88' lang='lat' dir='ltr'><strong>ea</strong></span> <span class='ocrx_word' id='word_1_255' title='bbox 225 1947 314 2022; x_wconf 91' lang='lat' dir='ltr'><strong>specie</strong></span> <span class='ocrx_word' id='word_1_256' title='bbox 337 1964 400 2005; x_wconf 89' lang='lat' dir='ltr'><strong>eum</strong></span> <span class='ocrx_word' id='word_1_257' title='bbox 416 1946 560 2016; x_wconf 88' lang='lat' dir='ltr'><strong>videbunt,</strong></span> <span class='ocrx_word' id='word_1_258' title='bbox 587 1964 639 2021; x_wconf 89' lang='lat' dir='ltr'><strong>qua</strong></span> <span class='ocrx_word' id='word_1_259' title='bbox 664 1946 698 2003; x_wconf 87' lang='lat' dir='ltr'><strong>ab</strong></span> <span class='ocrx_word' id='word_1_260' title='bbox 712 1946 874 2004; x_wconf 91' lang='lat' dir='ltr'><strong>hominibus</strong></span> <span class='ocrx_word' id='word_1_261' title='bbox 888 1948 918 2004; x_wconf 92' lang='lat' dir='ltr'><strong>in</strong></span> <span class='ocrx_word' id='word_1_262' title='bbox 973 1947 1007 2004; x_wconf 90' lang='lat' dir='ltr'><strong>ad</strong></span> <span class='ocrx_word' id='word_1_263' title='bbox 1019 1948 1156 2006; x_wconf 90' lang='lat' dir='ltr'><strong>deteriora</strong></span> <span class='ocrx_word' id='word_1_264' title='bbox 1172 1947 1273 2017; x_wconf 86' lang='lat' dir='ltr'><strong>delabi,</strong></span> <span class='ocrx_word' id='word_1_265' title='bbox 1291 1956 1372 2006; x_wconf 87' lang='lat' dir='ltr'><strong>orant</strong></span> <span class='ocrx_word' id='word_1_266' title='bbox 1385 1958 1417 2006; x_wconf 90' lang='lat' dir='ltr'><strong>ut</strong></span> <span class='ocrx_word' id='word_1_267' title='bbox 1431 1948 1490 2008; x_wconf 88' lang='lat' dir='ltr'><strong>dies</strong></span> <span class='ocrx_word' id='word_1_268' title='bbox 1501 1949 1551 2023; x_wconf 89' lang='lat' dir='ltr'><strong>jud</strong></span> <span class='ocrx_word' id='word_1_269' title='bbox 1558 1948 1603 2007; x_wconf 91' lang='lat' dir='ltr'><strong>icii</strong></span> <span class='ocrx_word' id='word_1_270' title='bbox 1624 1950 1728 2020; x_wconf 90' lang='lat' dir='ltr'><strong>veniat,</strong></span> <span class='ocrx_word' id='word_1_271' title='bbox 1742 1952 1773 2009; x_wconf 95' lang='lat' dir='ltr'><strong>in</strong></span> 
     </span>
    </p>
   </div>
   <div class='ocr_carea' id='block_1_3' title="bbox 111 2037 916 2559">
    <p class='ocr_par' dir='ltr' id='par_1_3' title="bbox 111 2037 916 2559">
     <span class='ocr_line' id='line_1_20' title="bbox 111 2037 916 2112; baseline -0.004 -14"><span class='ocrx_word' id='word_1_272' title='bbox 111 2049 188 2098; x_wconf 88' lang='lat' dir='ltr'><strong>terra</strong></span> <span class='ocrx_word' id='word_1_273' title='bbox 201 2039 306 2112; x_wconf 90' lang='lat' dir='ltr'><strong>positus</strong></span> <span class='ocrx_word' id='word_1_274' title='bbox 320 2037 485 2096; x_wconf 88' lang='lat' dir='ltr'><strong>videbatur:</strong></span> <span class='ocrx_word' id='word_1_275' title='bbox 509 2063 518 2086; x_wconf 77' lang='grc' dir='ltr'>ι</span> <span class='ocrx_word' id='word_1_276' title='bbox 539 2038 661 2094; x_wconf 79' lang='lat' dir='ltr'><strong>Tollotur</strong></span> <span class='ocrx_word' id='word_1_277' title='bbox 676 2038 777 2112; x_wconf 89' lang='lat' dir='ltr'><strong>quippe</strong></span> <span class='ocrx_word' id='word_1_278' title='bbox 803 2038 916 2112; x_wconf 91' lang='lat' dir='ltr'><strong>impius,</strong></span> 
     </span>
     <span class='ocr_line' id='line_1_21' title="bbox 113 2125 908 2201; baseline -0.006 -13"><span class='ocrx_word' id='word_1_279' title='bbox 113 2146 150 2188; x_wconf 89' lang='lat' dir='ltr'><strong>ne</strong></span> <span class='ocrx_word' id='word_1_280' title='bbox 172 2126 265 2186; x_wconf 80' lang='lat' dir='ltr'><strong>videet</strong></span> <span class='ocrx_word' id='word_1_281' title='bbox 279 2127 393 2201; x_wconf 80' lang='lat' dir='ltr'><strong>gloriam</strong></span> <span class='ocrx_word' id='word_1_282' title='bbox 419 2127 468 2184; x_wconf 87' lang='lat' dir='ltr'><strong>Ilei</strong></span> <span class='ocrx_word' id='word_1_283' title='bbox 490 2126 561 2200; x_wconf 86' lang='lat' dir='ltr'><strong>(lsa.</strong></span> <span class='ocrx_word' id='word_1_284' title='bbox 586 2139 656 2193; x_wconf 90' lang='lat' dir='ltr'><strong>xxx,</strong></span> <span class='ocrx_word' id='word_1_285' title='bbox 672 2125 718 2193; x_wconf 85' lang='lat' dir='ltr'><strong>lb,</strong></span> <span class='ocrx_word' id='word_1_286' title='bbox 742 2143 791 2183; x_wconf 84' lang='lat' dir='ltr'><strong>see.</strong></span> <span class='ocrx_word' id='word_1_287' title='bbox 807 2129 908 2200; x_wconf 82' lang='lat' dir='ltr'><strong>xxx).·</strong></span> 
     </span>
     <span class='ocr_line' id='line_1_22' title="bbox 113 2215 916 2291; baseline -0.001 -14"><span class='ocrx_word' id='word_1_288' title='bbox 113 2218 239 2277; x_wconf 85' lang='lat' dir='ltr'><strong>Blandus</strong></span> <span class='ocrx_word' id='word_1_289' title='bbox 254 2219 346 2291; x_wconf 88' lang='lat' dir='ltr'><strong>itaque</strong></span> <span class='ocrx_word' id='word_1_290' title='bbox 367 2217 460 2291; x_wconf 89' lang='lat' dir='ltr'><strong>justis,</strong></span> <span class='ocrx_word' id='word_1_291' title='bbox 475 2215 609 2274; x_wconf 88' lang='lat' dir='ltr'><strong>terribilis</strong></span> <span class='ocrx_word' id='word_1_292' title='bbox 623 2217 767 2291; x_wconf 87' lang='lat' dir='ltr'><strong>apparebit</strong></span> <span class='ocrx_word' id='word_1_293' title='bbox 783 2216 916 2289; x_wconf 87' lang='lat' dir='ltr'><strong>injustis;</strong></span> 
     </span>
     <span class='ocr_line' id='line_1_23' title="bbox 113 2305 915 2382; baseline -0.004 -17"><span class='ocrx_word' id='word_1_294' title='bbox 113 2307 189 2365; x_wconf 90' lang='lat' dir='ltr'><strong>unde</strong></span> <span class='ocrx_word' id='word_1_295' title='bbox 212 2315 240 2365; x_wconf 91' lang='lat' dir='ltr'><strong>et</strong></span> <span class='ocrx_word' id='word_1_296' title='bbox 266 2307 373 2382; x_wconf 89' lang='lat' dir='ltr'><strong>primns</strong></span> <span class='ocrx_word' id='word_1_297' title='bbox 395 2323 477 2379; x_wconf 91' lang='lat' dir='ltr'><strong>super</strong></span> <span class='ocrx_word' id='word_1_298' title='bbox 499 2306 601 2363; x_wconf 87' lang='lat' dir='ltr'><strong>nubem</strong></span> <span class='ocrx_word' id='word_1_299' title='bbox 625 2305 770 2363; x_wconf 87' lang='lat' dir='ltr'><strong>candidam</strong></span> <span class='ocrx_word' id='word_1_300' title='bbox 798 2306 915 2375; x_wconf 87' lang='lat' dir='ltr'><strong>sedisse,</strong></span> 
     </span>
     <span class='ocr_line' id='line_1_24' title="bbox 114 2396 915 2469; baseline -0.002 -13"><span class='ocrx_word' id='word_1_301' title='bbox 114 2407 143 2456; x_wconf 87' lang='lat' dir='ltr'><strong>et</strong></span> <span class='ocrx_word' id='word_1_302' title='bbox 162 2415 291 2456; x_wconf 88' lang='lat' dir='ltr'><strong>coronam</strong></span> <span class='ocrx_word' id='word_1_303' title='bbox 306 2413 416 2454; x_wconf 90' lang='lat' dir='ltr'><strong>auream</strong></span> <span class='ocrx_word' id='word_1_304' title='bbox 437 2396 566 2454; x_wconf 84' lang='lat' dir='ltr'><strong>habuisse</strong></span> <span class='ocrx_word' id='word_1_305' title='bbox 581 2396 713 2469; x_wconf 89' lang='lat' dir='ltr'><strong>incapite</strong></span> <span class='ocrx_word' id='word_1_306' title='bbox 738 2396 915 2455; x_wconf 84' lang='lat' dir='ltr'><strong>describitur.</strong></span> 
     </span>
     <span class='ocr_line' id='line_1_25' title="bbox 113 2485 916 2559; baseline -0.005 -13"><span class='ocrx_word' id='word_1_307' title='bbox 113 2489 167 2546; x_wconf 90' lang='lat' dir='ltr'><strong>Per</strong></span> <span class='ocrx_word' id='word_1_308' title='bbox 179 2488 282 2546; x_wconf 91' lang='lat' dir='ltr'><strong>nubem</strong></span> <span class='ocrx_word' id='word_1_309' title='bbox 296 2502 415 2559; x_wconf 90' lang='lat' dir='ltr'><strong>namque</strong></span> <span class='ocrx_word' id='word_1_310' title='bbox 433 2485 579 2543; x_wconf 89' lang='lat' dir='ltr'><strong>candidam</strong></span> <span class='ocrx_word' id='word_1_311' title='bbox 592 2502 691 2558; x_wconf 88' lang='lat' dir='ltr'><strong>corpus</strong></span> <span class='ocrx_word' id='word_1_312' title='bbox 706 2485 765 2558; x_wconf 87' lang='lat' dir='ltr'><strong>ejus</strong></span> <span class='ocrx_word' id='word_1_313' title='bbox 778 2485 916 2543; x_wconf 90' lang='lat' dir='ltr'><strong>immacu-</strong></span> 
     </span>
    </p>
   </div>
   <div class='ocr_carea' id='block_1_4' title="bbox 970 2036 1774 2564">
    <p class='ocr_par' dir='ltr' id='par_1_4' title="bbox 970 2036 1774 2564">
     <span class='ocr_line' id='line_1_26' title="bbox 973 2036 1774 2112; baseline 0.007 -19"><span class='ocrx_word' id='word_1_314' title='bbox 973 2054 1027 2112; x_wconf 91' lang='lat' dir='ltr'><strong>quo</strong></span> <span class='ocrx_word' id='word_1_315' title='bbox 1048 2047 1075 2095; x_wconf 89' lang='lat' dir='ltr'><strong>et</strong></span> <span class='ocrx_word' id='word_1_316' title='bbox 1095 2036 1221 2111; x_wconf 89' lang='lat' dir='ltr'><strong>nequitia</strong></span> <span class='ocrx_word' id='word_1_317' title='bbox 1245 2037 1402 2094; x_wconf 82' lang='lat' dir='ltr'><strong>demonum</strong></span> <span class='ocrx_word' id='word_1_318' title='bbox 1427 2053 1490 2096; x_wconf 89' lang='lat' dir='ltr'><strong>cum</strong></span> <span class='ocrx_word' id='word_1_319' title='bbox 1519 2037 1587 2112; x_wconf 91' lang='lat' dir='ltr'><strong>ipsis</strong></span> <span class='ocrx_word' id='word_1_320' title='bbox 1613 2040 1774 2100; x_wconf 85' lang='lat' dir='ltr'><strong>auctoribus</strong></span> 
     </span>
     <span class='ocr_line' id='line_1_27' title="bbox 972 2125 1774 2202; baseline 0.01 -20"><span class='ocrx_word' id='word_1_321' title='bbox 972 2135 1074 2199; x_wconf 89' lang='lat' dir='ltr'><strong>pereat,</strong></span> <span class='ocrx_word' id='word_1_322' title='bbox 1093 2133 1120 2184; x_wconf 92' lang='lat' dir='ltr'><strong>et</strong></span> <span class='ocrx_word' id='word_1_323' title='bbox 1134 2125 1225 2184; x_wconf 92' lang='lat' dir='ltr'><strong>omnis</strong></span> <span class='ocrx_word' id='word_1_324' title='bbox 1237 2125 1427 2200; x_wconf 78' lang='lat' dir='ltr'><strong>pravaricatio</strong></span> <span class='ocrx_word' id='word_1_325' title='bbox 1442 2141 1505 2184; x_wconf 90' lang='lat' dir='ltr'><strong>cum</strong></span> <span class='ocrx_word' id='word_1_326' title='bbox 1522 2127 1591 2202; x_wconf 89' lang='lat' dir='ltr'><strong>ipsis</strong></span> <span class='ocrx_word' id='word_1_327' title='bbox 1604 2130 1774 2201; x_wconf 77' lang='lat' dir='ltr'><strong>pravarica-</strong></span> 
     </span>
     <span class='ocr_line' id='line_1_28' title="bbox 972 2215 1773 2296; baseline 0.011 -24"><span class='ocrx_word' id='word_1_328' title='bbox 972 2215 1079 2274; x_wconf 92' lang='lat' dir='ltr'><strong>torihus</strong></span> <span class='ocrx_word' id='word_1_329' title='bbox 1093 2217 1210 2290; x_wconf 87' lang='lat' dir='ltr'><strong>accipiat</strong></span> <span class='ocrx_word' id='word_1_330' title='bbox 1224 2216 1320 2283; x_wconf 88' lang='lat' dir='ltr'><strong>linem,</strong></span> <span class='ocrx_word' id='word_1_331' title='bbox 1340 2222 1367 2272; x_wconf 93' lang='lat' dir='ltr'><strong>et</strong></span> <span class='ocrx_word' id='word_1_332' title='bbox 1379 2215 1532 2275; x_wconf 88' lang='lat' dir='ltr'><strong>adducatur</strong></span> <span class='ocrx_word' id='word_1_333' title='bbox 1545 2217 1654 2290; x_wconf 86' lang='lat' dir='ltr'><strong>justitia</strong></span> <span class='ocrx_word' id='word_1_334' title='bbox 1674 2223 1773 2296; x_wconf 88' lang='lat' dir='ltr'><strong>sempi-</strong></span> 
     </span>
     <span class='ocr_line' id='line_1_29' title="bbox 972 2303 1773 2386; baseline 0.009 -24"><span class='ocrx_word' id='word_1_335' title='bbox 972 2313 1059 2376; x_wconf 90' lang='lat' dir='ltr'><strong>terna,</strong></span> <span class='ocrx_word' id='word_1_336' title='bbox 1080 2322 1141 2379; x_wconf 83' lang='lat' dir='ltr'><strong>qua</strong></span> <span class='ocrx_word' id='word_1_337' title='bbox 1155 2305 1234 2362; x_wconf 89' lang='lat' dir='ltr'><strong>nullo</strong></span> <span class='ocrx_word' id='word_1_338' title='bbox 1253 2304 1309 2364; x_wconf 87' lang='lat' dir='ltr'><strong>fine</strong></span> <span class='ocrx_word' id='word_1_339' title='bbox 1333 2303 1539 2364; x_wconf 83' lang='lat' dir='ltr'><strong>terminabitur.</strong></span> <span class='ocrx_word' id='word_1_340' title='bbox 1561 2306 1652 2368; x_wconf 82' lang='lat' dir='ltr'><strong>Vinea</strong></span> <span class='ocrx_word' id='word_1_341' title='bbox 1671 2311 1773 2386; x_wconf 92' lang='lat' dir='ltr'><strong>quippe</strong></span> 
     </span>
     <span class='ocr_line' id='line_1_30' title="bbox 971 2395 1771 2474; baseline 0.014 -25"><span class='ocrx_word' id='word_1_342' title='bbox 971 2395 1106 2452; x_wconf 89' lang='lat' dir='ltr'><strong>mnndum</strong></span> <span class='ocrx_word' id='word_1_343' title='bbox 1121 2395 1268 2469; x_wconf 83' lang='lat' dir='ltr'><strong>significat,</strong></span> <span class='ocrx_word' id='word_1_344' title='bbox 1283 2411 1344 2470; x_wconf 84' lang='lat' dir='ltr'><strong>quaa</strong></span> <span class='ocrx_word' id='word_1_345' title='bbox 1357 2412 1467 2456; x_wconf 88' lang='lat' dir='ltr'><strong>omnem</strong></span> <span class='ocrx_word' id='word_1_346' title='bbox 1482 2397 1632 2474; x_wconf 87' lang='lat' dir='ltr'><strong>impiorum</strong></span> <span class='ocrx_word' id='word_1_347' title='bbox 1646 2401 1771 2460; x_wconf 87' lang='lat' dir='ltr'><strong>multitu·</strong></span> 
     </span>
     <span class='ocr_line' id='line_1_31' title="bbox 970 2485 1771 2564; baseline 0.009 -22"><span class='ocrx_word' id='word_1_348' title='bbox 970 2485 1064 2542; x_wconf 90' lang='lat' dir='ltr'><strong>dinem</strong></span> <span class='ocrx_word' id='word_1_349' title='bbox 1077 2487 1173 2560; x_wconf 87' lang='lat' dir='ltr'><strong>genuit</strong></span> <span class='ocrx_word' id='word_1_350' title='bbox 1186 2494 1214 2544; x_wconf 90' lang='lat' dir='ltr'><strong>et</strong></span> <span class='ocrx_word' id='word_1_351' title='bbox 1232 2486 1351 2544; x_wconf 91' lang='lat' dir='ltr'><strong>nutrivit</strong></span> <span class='ocrx_word' id='word_1_352' title='bbox 1365 2504 1371 2544; x_wconf 94' lang='lat'>:</span> <span class='ocrx_word' id='word_1_353' title='bbox 1391 2487 1467 2545; x_wconf 88' lang='lat' dir='ltr'><strong>lacus</strong></span> <span class='ocrx_word' id='word_1_354' title='bbox 1483 2504 1560 2558; x_wconf 91' lang='lat' dir='ltr'><strong>vero,</strong></span> <span class='ocrx_word' id='word_1_355' title='bbox 1584 2506 1666 2564; x_wconf 91' lang='lat' dir='ltr'><strong>quem</strong></span> <span class='ocrx_word' id='word_1_356' title='bbox 1688 2491 1771 2548; x_wconf 88' lang='lat' dir='ltr'><strong>inier-</strong></span> 
     </span>
    </p>
   </div>
   <div class='ocr_carea' id='block_1_5' title="bbox 109 2575 1773 3105">
    <p class='ocr_par' dir='ltr' id='par_1_5' title="bbox 114 2575 1771 2744">
     <span class='ocr_line' id='line_1_32' title="bbox 114 2575 1771 2654; baseline -0.002 -12"><span class='ocrx_word' id='word_1_357' title='bbox 114 2586 204 2642; x_wconf 90' lang='lat' dir='ltr'><strong>latum</strong></span> <span class='ocrx_word' id='word_1_358' title='bbox 219 2579 396 2652; x_wconf 90' lang='lat' dir='ltr'><strong>designatur:</strong></span> <span class='ocrx_word' id='word_1_359' title='bbox 420 2591 470 2649; x_wconf 88' lang='lat' dir='ltr'><strong>per</strong></span> <span class='ocrx_word' id='word_1_360' title='bbox 483 2590 612 2632; x_wconf 91' lang='lat' dir='ltr'><strong>coronam</strong></span> <span class='ocrx_word' id='word_1_361' title='bbox 633 2592 699 2633; x_wconf 88' lang='lat' dir='ltr'><strong>vero</strong></span> <span class='ocrx_word' id='word_1_362' title='bbox 711 2592 820 2633; x_wconf 87' lang='lat' dir='ltr'><strong>auream</strong></span> <span class='ocrx_word' id='word_1_363' title='bbox 836 2575 915 2632; x_wconf 90' lang='lat' dir='ltr'><strong>mul·</strong></span> <span class='ocrx_word' id='word_1_364' title='bbox 971 2595 1037 2637; x_wconf 89' lang='lat' dir='ltr'><strong>num</strong></span> <span class='ocrx_word' id='word_1_365' title='bbox 1051 2592 1192 2648; x_wconf 87' lang='lat' dir='ltr'><strong>vocamus,</strong></span> <span class='ocrx_word' id='word_1_366' title='bbox 1207 2577 1270 2634; x_wconf 89' lang='lat' dir='ltr'><strong>ideo</strong></span> <span class='ocrx_word' id='word_1_367' title='bbox 1284 2577 1359 2634; x_wconf 88' lang='lat' dir='ltr'><strong>lacus</strong></span> <span class='ocrx_word' id='word_1_368' title='bbox 1372 2578 1421 2634; x_wconf 82' lang='lat' dir='ltr'><strong>ira</strong></span> <span class='ocrx_word' id='word_1_369' title='bbox 1435 2578 1485 2634; x_wconf 87' lang='lat' dir='ltr'><strong>Dei</strong></span> <span class='ocrx_word' id='word_1_370' title='bbox 1501 2577 1614 2650; x_wconf 89' lang='lat' dir='ltr'><strong>dicitnr,</strong></span> <span class='ocrx_word' id='word_1_371' title='bbox 1629 2581 1694 2654; x_wconf 87' lang='lat' dir='ltr'><strong>qnia</strong></span> <span class='ocrx_word' id='word_1_372' title='bbox 1706 2581 1771 2638; x_wconf 89' lang='lat' dir='ltr'><strong>vin·</strong></span> 
     </span>
     <span class='ocr_line' id='line_1_33' title="bbox 114 2663 1520 2744; baseline -0.006 -14"><span class='ocrx_word' id='word_1_373' title='bbox 114 2671 208 2730; x_wconf 92' lang='lat' dir='ltr'><strong>titudo</strong></span> <span class='ocrx_word' id='word_1_374' title='bbox 233 2669 393 2744; x_wconf 87' lang='lat' dir='ltr'><strong>angelorum</strong></span> <span class='ocrx_word' id='word_1_375' title='bbox 421 2676 504 2744; x_wconf 90' lang='lat' dir='ltr'><strong>atque</strong></span> <span class='ocrx_word' id='word_1_376' title='bbox 529 2677 697 2736; x_wconf 90' lang='lat' dir='ltr'><strong>sanctornm,</strong></span> <span class='ocrx_word' id='word_1_377' title='bbox 720 2665 767 2740; x_wconf 93' lang='lat' dir='ltr'><strong>qui</strong></span> <span class='ocrx_word' id='word_1_378' title='bbox 793 2681 856 2722; x_wconf 89' lang='lat' dir='ltr'><strong>enm</strong></span> <span class='ocrx_word' id='word_1_379' title='bbox 882 2663 915 2723; x_wconf 89' lang='lat' dir='ltr'><strong>ud</strong></span> <span class='ocrx_word' id='word_1_380' title='bbox 972 2667 1046 2725; x_wconf 90' lang='lat' dir='ltr'><strong>dicta</strong></span> <span class='ocrx_word' id='word_1_381' title='bbox 1059 2668 1108 2724; x_wconf 80' lang='lat' dir='ltr'><strong>iras</strong></span> <span class='ocrx_word' id='word_1_382' title='bbox 1119 2667 1170 2724; x_wconf 91' lang='lat' dir='ltr'><strong>Dei</strong></span> <span class='ocrx_word' id='word_1_383' title='bbox 1183 2666 1213 2722; x_wconf 92' lang='lat' dir='ltr'><strong>in</strong></span> <span class='ocrx_word' id='word_1_384' title='bbox 1227 2681 1259 2721; x_wconf 92' lang='lat' dir='ltr'><strong>eo</strong></span> <span class='ocrx_word' id='word_1_385' title='bbox 1272 2664 1520 2722; x_wconf 85' lang='lat' dir='ltr'><strong>consummabitur.</strong></span> 
     </span>
    </p>

    <p class='ocr_par' dir='ltr' id='par_1_6' title="bbox 109 2754 1773 3105">
     <span class='ocr_line' id='line_1_34' title="bbox 109 2754 1771 2835; baseline -0.009 -17"><span class='ocrx_word' id='word_1_386' title='bbox 109 2761 249 2835; x_wconf 86' lang='lat' dir='ltr'><strong>judicium</strong></span> <span class='ocrx_word' id='word_1_387' title='bbox 287 2761 443 2819; x_wconf 89' lang='lat' dir='ltr'><strong>venientem</strong></span> <span class='ocrx_word' id='word_1_388' title='bbox 477 2758 694 2825; x_wconf 88' lang='lat' dir='ltr'><strong>comitabuntur,</strong></span> <span class='ocrx_word' id='word_1_389' title='bbox 737 2755 914 2828; x_wconf 81' lang='lat' dir='ltr'><strong>exprimitur.</strong></span> <span class='ocrx_word' id='word_1_390' title='bbox 991 2757 1099 2832; x_wconf 64' lang='grc' dir='ltr'>’(νετε.</span> <span class='ocrx_word' id='word_1_391' title='bbox 1118 2754 1177 2828; x_wconf 79' lang='lat'><strong>20.)</strong></span> <span class='ocrx_word' id='word_1_392' title='bbox 1192 2756 1230 2812; x_wconf 79' lang='lat' dir='ltr'><strong>Et</strong></span> <span class='ocrx_word' id='word_1_393' title='bbox 1245 2755 1361 2812; x_wconf 80' lang='lat' dir='ltr'><strong>calcatus</strong></span> <span class='ocrx_word' id='word_1_394' title='bbox 1383 2760 1422 2810; x_wconf 86' lang='lat' dir='ltr'><strong>ast</strong></span> <span class='ocrx_word' id='word_1_395' title='bbox 1441 2755 1513 2812; x_wconf 71' lang='lat' dir='ltr'><strong>iacias</strong></span> <span class='ocrx_word' id='word_1_396' title='bbox 1533 2761 1611 2814; x_wconf 75' lang='lat' dir='ltr'><strong>caira</strong></span> <span class='ocrx_word' id='word_1_397' title='bbox 1630 2757 1771 2816; x_wconf 56' lang='lat' dir='ltr'><strong>cicinum</strong></span> 
     </span>
     <span class='ocr_line' id='line_1_35' title="bbox 113 2843 1773 2921; baseline -0.002 -11"><span class='ocrx_word' id='word_1_398' title='bbox 113 2851 252 2910; x_wconf 86' lang='lat' dir='ltr'><strong>Similiter</strong></span> <span class='ocrx_word' id='word_1_399' title='bbox 269 2857 296 2906; x_wconf 94' lang='lat' dir='ltr'><strong>et</strong></span> <span class='ocrx_word' id='word_1_400' title='bbox 310 2867 366 2906; x_wconf 91' lang='lat' dir='ltr'><strong>nna</strong></span> <span class='ocrx_word' id='word_1_401' title='bbox 387 2849 583 2908; x_wconf 86' lang='lat' dir='ltr'><strong>exterminatio</strong></span> <span class='ocrx_word' id='word_1_402' title='bbox 597 2863 646 2921; x_wconf 90' lang='lat' dir='ltr'><strong>per</strong></span> <span class='ocrx_word' id='word_1_403' title='bbox 658 2846 726 2903; x_wconf 88' lang='lat' dir='ltr'><strong>duas</strong></span> <span class='ocrx_word' id='word_1_404' title='bbox 742 2845 825 2903; x_wconf 86' lang='lat' dir='ltr'><strong>falces</strong></span> <span class='ocrx_word' id='word_1_405' title='bbox 839 2843 917 2900; x_wconf 89' lang='lat' dir='ltr'><strong>desi·</strong></span> <span class='ocrx_word' id='word_1_406' title='bbox 970 2846 1021 2904; x_wconf 88' lang='lat' dir='ltr'><strong>Per</strong></span> <span class='ocrx_word' id='word_1_407' title='bbox 1033 2843 1212 2904; x_wconf 82' lang='lat' dir='ltr'><strong>calcationem</strong></span> <span class='ocrx_word' id='word_1_408' title='bbox 1227 2843 1428 2901; x_wconf 87' lang='lat' dir='ltr'><strong>demersionem</strong></span> <span class='ocrx_word' id='word_1_409' title='bbox 1458 2843 1608 2918; x_wconf 89' lang='lat' dir='ltr'><strong>impiomm</strong></span> <span class='ocrx_word' id='word_1_410' title='bbox 1627 2847 1658 2905; x_wconf 91' lang='lat' dir='ltr'><strong>in</strong></span> <span class='ocrx_word' id='word_1_411' title='bbox 1681 2847 1773 2908; x_wconf 87' lang='lat' dir='ltr'><strong>inier-</strong></span> 
     </span>
     <span class='ocr_line' id='line_1_36' title="bbox 115 2932 1772 3017; baseline 0 -18"><span class='ocrx_word' id='word_1_412' title='bbox 115 2951 236 3017; x_wconf 85' lang='lat' dir='ltr'><strong>gnatur;</strong></span> <span class='ocrx_word' id='word_1_413' title='bbox 265 2941 329 3014; x_wconf 89' lang='lat' dir='ltr'><strong>quia</strong></span> <span class='ocrx_word' id='word_1_414' title='bbox 350 2941 430 2997; x_wconf 88' lang='lat' dir='ltr'><strong>aliter</strong></span> <span class='ocrx_word' id='word_1_415' title='bbox 454 2937 715 2996; x_wconf 86' lang='lat' dir='ltr'><strong>exterminabuntur</strong></span> <span class='ocrx_word' id='word_1_416' title='bbox 734 2932 814 3008; x_wconf 84' lang='lat' dir='ltr'><strong>justi,</strong></span> <span class='ocrx_word' id='word_1_417' title='bbox 837 2934 917 2990; x_wconf 89' lang='lat' dir='ltr'><strong>aliter</strong></span> <span class='ocrx_word' id='word_1_418' title='bbox 970 2951 1037 2992; x_wconf 88' lang='lat' dir='ltr'><strong>num</strong></span> <span class='ocrx_word' id='word_1_419' title='bbox 1063 2950 1209 3007; x_wconf 91' lang='lat' dir='ltr'><strong>possumus</strong></span> <span class='ocrx_word' id='word_1_420' title='bbox 1238 2933 1409 3007; x_wconf 88' lang='lat' dir='ltr'><strong>intelligere:</strong></span> <span class='ocrx_word' id='word_1_421' title='bbox 1438 2950 1487 3008; x_wconf 91' lang='lat' dir='ltr'><strong>per</strong></span> <span class='ocrx_word' id='word_1_422' title='bbox 1512 2935 1653 2995; x_wconf 87' lang='lat' dir='ltr'><strong>civitatem</strong></span> <span class='ocrx_word' id='word_1_423' title='bbox 1680 2946 1772 2999; x_wconf 88' lang='lat' dir='ltr'><strong>antem</strong></span> 
     </span>
     <span class='ocr_line' id='line_1_37' title="bbox 114 3015 1772 3105; baseline -0.001 -16"><span class='ocrx_word' id='word_1_424' title='bbox 114 3031 214 3105; x_wconf 87' lang='lat' dir='ltr'><strong>injnsti</strong></span> <span class='ocrx_word' id='word_1_425' title='bbox 227 3076 233 3089; x_wconf 92' lang='lat'><strong>.</strong></span> <span class='ocrx_word' id='word_1_426' title='bbox 247 3031 386 3105; x_wconf 86' lang='lat' dir='ltr'><strong>justorum</strong></span> <span class='ocrx_word' id='word_1_427' title='bbox 395 3030 591 3088; x_wconf 88' lang='lat' dir='ltr'><strong>exterminatio</strong></span> <span class='ocrx_word' id='word_1_428' title='bbox 604 3028 758 3103; x_wconf 88' lang='lat' dir='ltr'><strong>redemptio</strong></span> <span class='ocrx_word' id='word_1_429' title='bbox 772 3027 865 3100; x_wconf 89' lang='lat' dir='ltr'><strong>potius</strong></span> <span class='ocrx_word' id='word_1_430' title='bbox 874 3026 914 3084; x_wconf 94' lang='lat' dir='ltr'><strong>di·</strong></span> <span class='ocrx_word' id='word_1_431' title='bbox 971 3023 1090 3082; x_wconf 83' lang='lat' dir='ltr'><strong>cmlestis</strong></span> <span class='ocrx_word' id='word_1_432' title='bbox 1113 3015 1263 3081; x_wconf 84' lang='lat' dir='ltr'><strong>Jerusalem</strong></span> <span class='ocrx_word' id='word_1_433' title='bbox 1286 3022 1469 3097; x_wconf 83' lang='lat' dir='ltr'><strong>designatur:</strong></span> <span class='ocrx_word' id='word_1_434' title='bbox 1498 3041 1559 3100; x_wconf 80' lang='lat' dir='ltr'><strong>quaa</strong></span> <span class='ocrx_word' id='word_1_435' title='bbox 1581 3041 1617 3084; x_wconf 84' lang='lat' dir='ltr'><strong>ex</strong></span> <span class='ocrx_word' id='word_1_436' title='bbox 1642 3029 1772 3090; x_wconf 85' lang='lat' dir='ltr'><strong>omnibus</strong></span> 
     </span>
    </p>
   </div>
   <div class='ocr_carea' id='block_1_6' title="bbox 113 3112 1774 3288">
    <p class='ocr_par' dir='ltr' id='par_1_7' title="bbox 113 3112 1774 3288">
     <span class='ocr_line' id='line_1_38' title="bbox 113 3112 1774 3209; baseline -0.002 -30"><span class='ocrx_word' id='word_1_437' title='bbox 113 3121 203 3179; x_wconf 85' lang='lat' dir='ltr'><strong>canda</strong></span> <span class='ocrx_word' id='word_1_438' title='bbox 229 3127 280 3190; x_wconf 90' lang='lat' dir='ltr'><strong>est,</strong></span> <span class='ocrx_word' id='word_1_439' title='bbox 306 3121 378 3178; x_wconf 88' lang='lat' dir='ltr'><strong>siout</strong></span> <span class='ocrx_word' id='word_1_440' title='bbox 402 3120 539 3178; x_wconf 88' lang='lat' dir='ltr'><strong>Dominus</strong></span> <span class='ocrx_word' id='word_1_441' title='bbox 564 3117 649 3176; x_wconf 91' lang='lat' dir='ltr'><strong>dicit:</strong></span> <span class='ocrx_word' id='word_1_442' title='bbox 683 3141 693 3166; x_wconf 83' lang='grc' dir='ltr'>ι</span> <span class='ocrx_word' id='word_1_443' title='bbox 713 3117 859 3190; x_wconf 86' lang='lat' dir='ltr'><strong>Respicite,</strong></span> <span class='ocrx_word' id='word_1_444' title='bbox 890 3122 916 3172; x_wconf 89' lang='lat' dir='ltr'><strong>et</strong></span> <span class='ocrx_word' id='word_1_445' title='bbox 932 3147 954 3209; x_wconf 73' lang='lat' dir='ltr'><strong>G</strong></span> <span class='ocrx_word' id='word_1_446' title='bbox 972 3112 1066 3170; x_wconf 88' lang='lat' dir='ltr'><strong>electis</strong></span> <span class='ocrx_word' id='word_1_447' title='bbox 1093 3120 1210 3174; x_wconf 83' lang='lat' dir='ltr'><strong>constal.</strong></span> <span class='ocrx_word' id='word_1_448' title='bbox 1237 3113 1325 3170; x_wconf 85' lang='lat' dir='ltr'><strong>Extra</strong></span> <span class='ocrx_word' id='word_1_449' title='bbox 1348 3113 1420 3173; x_wconf 88' lang='lat' dir='ltr'><strong>hano</strong></span> <span class='ocrx_word' id='word_1_450' title='bbox 1441 3130 1504 3188; x_wconf 90' lang='lat' dir='ltr'><strong>ergo</strong></span> <span class='ocrx_word' id='word_1_451' title='bbox 1529 3115 1670 3176; x_wconf 86' lang='lat' dir='ltr'><strong>civitatem</strong></span> <span class='ocrx_word' id='word_1_452' title='bbox 1698 3120 1774 3180; x_wconf 87' lang='lat' dir='ltr'><strong>lacus</strong></span> 
     </span>
     <span class='ocr_line' id='line_1_39' title="bbox 113 3205 1774 3288; baseline 0.004 -21"><span class='ocrx_word' id='word_1_453' title='bbox 113 3211 205 3268; x_wconf 90' lang='lat' dir='ltr'><strong>levate</strong></span> <span class='ocrx_word' id='word_1_454' title='bbox 230 3209 320 3283; x_wconf 88' lang='lat' dir='ltr'><strong>capita</strong></span> <span class='ocrx_word' id='word_1_455' title='bbox 353 3217 461 3282; x_wconf 89' lang='lat' dir='ltr'><strong>vestra;</strong></span> <span class='ocrx_word' id='word_1_456' title='bbox 486 3207 615 3282; x_wconf 90' lang='lat' dir='ltr'><strong>quoniam</strong></span> <span class='ocrx_word' id='word_1_457' title='bbox 641 3205 841 3280; x_wconf 88' lang='lat' dir='ltr'><strong>appropinquat</strong></span> <span class='ocrx_word' id='word_1_458' title='bbox 863 3221 912 3262; x_wconf 89' lang='lat' dir='ltr'><strong>re·</strong></span> <span class='ocrx_word' id='word_1_459' title='bbox 972 3205 1142 3277; x_wconf 87' lang='lat' dir='ltr'><strong>calcabitur;</strong></span> <span class='ocrx_word' id='word_1_460' title='bbox 1158 3207 1251 3281; x_wconf 88' lang='lat' dir='ltr'><strong>quiea</strong></span> <span class='ocrx_word' id='word_1_461' title='bbox 1264 3207 1404 3266; x_wconf 89' lang='lat' dir='ltr'><strong>consortio</strong></span> <span class='ocrx_word' id='word_1_462' title='bbox 1413 3208 1551 3281; x_wconf 86' lang='lat' dir='ltr'><strong>justorum</strong></span> <span class='ocrx_word' id='word_1_463' title='bbox 1566 3211 1645 3286; x_wconf 90' lang='lat' dir='ltr'><strong>impii</strong></span> <span class='ocrx_word' id='word_1_464' title='bbox 1659 3230 1774 3288; x_wconf 88' lang='lat' dir='ltr'><strong>separa·</strong></span> 
     </span>
    </p>
   </div>
   <div class='ocr_carea' id='block_1_7' title="bbox 112 3287 1775 3466">
    <p class='ocr_par' dir='ltr' id='par_1_8' title="bbox 112 3287 1775 3466">
     <span class='ocr_line' id='line_1_40' title="bbox 112 3287 1773 3373; baseline 0.003 -16"><span class='ocrx_word' id='word_1_465' title='bbox 112 3298 239 3372; x_wconf 89' lang='lat' dir='ltr'><strong>demptio</strong></span> <span class='ocrx_word' id='word_1_466' title='bbox 262 3306 353 3356; x_wconf 90' lang='lat' dir='ltr'><strong>vestra</strong></span> <span class='ocrx_word' id='word_1_467' title='bbox 381 3287 458 3373; x_wconf 87' lang='lat' dir='ltr'><strong>(Luc&#39;.</strong></span> <span class='ocrx_word' id='word_1_468' title='bbox 480 3315 540 3368; x_wconf 85' lang='lat' dir='ltr'><strong>xxx,</strong></span> <span class='ocrx_word' id='word_1_469' title='bbox 555 3296 613 3369; x_wconf 77' lang='lat'><strong>28).</strong></span> <span class='ocrx_word' id='word_1_470' title='bbox 640 3322 649 3346; x_wconf 76' lang='grc' dir='ltr'>ι</span> <span class='ocrx_word' id='word_1_471' title='bbox 678 3292 912 3368; x_wconf 87' lang='lat' dir='ltr'><strong>Redemptio-jure</strong></span> <span class='ocrx_word' id='word_1_472' title='bbox 970 3296 1086 3366; x_wconf 90' lang='lat' dir='ltr'><strong>huntur,</strong></span> <span class='ocrx_word' id='word_1_473' title='bbox 1101 3304 1129 3354; x_wconf 91' lang='lat' dir='ltr'><strong>et</strong></span> <span class='ocrx_word' id='word_1_474' title='bbox 1141 3297 1171 3354; x_wconf 92' lang='lat' dir='ltr'><strong>in</strong></span> <span class='ocrx_word' id='word_1_475' title='bbox 1185 3296 1326 3354; x_wconf 85' lang='lat' dir='ltr'><strong>iniamum</strong></span> <span class='ocrx_word' id='word_1_476' title='bbox 1340 3296 1533 3370; x_wconf 88' lang='lat' dir='ltr'><strong>detrudentur,</strong></span> <span class='ocrx_word' id='word_1_477' title='bbox 1548 3301 1621 3358; x_wconf 90' lang='lat' dir='ltr'><strong>sient</strong></span> <span class='ocrx_word' id='word_1_478' title='bbox 1636 3303 1773 3364; x_wconf 90' lang='lat' dir='ltr'><strong>Dominus</strong></span> 
     </span>
     <span class='ocr_line' id='line_1_41' title="bbox 113 3385 1775 3466; baseline 0.005 -22"><span class='ocrx_word' id='word_1_479' title='bbox 113 3396 242 3458; x_wconf 86' lang='lat' dir='ltr'><strong>vocatur,</strong></span> <span class='ocrx_word' id='word_1_480' title='bbox 263 3405 295 3446; x_wconf 92' lang='lat' dir='ltr'><strong>eo</strong></span> <span class='ocrx_word' id='word_1_481' title='bbox 318 3387 422 3462; x_wconf 90' lang='lat' dir='ltr'><strong>quoda</strong></span> <span class='ocrx_word' id='word_1_482' title='bbox 438 3387 518 3445; x_wconf 91' lang='lat' dir='ltr'><strong>malis</strong></span> <span class='ocrx_word' id='word_1_483' title='bbox 543 3386 742 3461; x_wconf 89' lang='lat' dir='ltr'><strong>temporalibus</strong></span> <span class='ocrx_word' id='word_1_484' title='bbox 763 3386 871 3452; x_wconf 90' lang='lat' dir='ltr'><strong>liberet,</strong></span> <span class='ocrx_word' id='word_1_485' title='bbox 886 3389 913 3440; x_wconf 92' lang='lat' dir='ltr'><strong>et</strong></span> <span class='ocrx_word' id='word_1_486' title='bbox 968 3385 1038 3444; x_wconf 92' lang='lat' dir='ltr'><strong>dicit</strong></span> <span class='ocrx_word' id='word_1_487' title='bbox 1052 3387 1081 3444; x_wconf 92' lang='lat' dir='ltr'><strong>iu</strong></span> <span class='ocrx_word' id='word_1_488' title='bbox 1095 3387 1264 3461; x_wconf 85' lang='lat' dir='ltr'><strong>Evangelio:</strong></span> <span class='ocrx_word' id='word_1_489' title='bbox 1286 3413 1295 3436; x_wconf 84' lang='grc' dir='ltr'>ι</span> <span class='ocrx_word' id='word_1_490' title='bbox 1309 3387 1436 3446; x_wconf 84' lang='lat' dir='ltr'><strong>Exibunt</strong></span> <span class='ocrx_word' id='word_1_491' title='bbox 1450 3391 1551 3463; x_wconf 89' lang='lat' dir='ltr'><strong>angeli,</strong></span> <span class='ocrx_word' id='word_1_492' title='bbox 1567 3400 1595 3449; x_wconf 90' lang='lat' dir='ltr'><strong>et</strong></span> <span class='ocrx_word' id='word_1_493' title='bbox 1607 3393 1775 3466; x_wconf 81' lang='lat' dir='ltr'><strong>separabunt</strong></span> 
     </span>
    </p>
   </div>
   <div class='ocr_carea' id='block_1_8' title="bbox 80 3478 916 3998">
    <p class='ocr_par' dir='ltr' id='par_1_9' title="bbox 80 3478 916 3998">
     <span class='ocr_line' id='line_1_42' title="bbox 113 3478 913 3553; baseline -0.008 -17"><span class='ocrx_word' id='word_1_494' title='bbox 113 3479 149 3536; x_wconf 89' lang='lat' dir='ltr'><strong>ad</strong></span> <span class='ocrx_word' id='word_1_495' title='bbox 163 3478 262 3552; x_wconf 86' lang='lat' dir='ltr'><strong>gaudia</strong></span> <span class='ocrx_word' id='word_1_496' title='bbox 276 3488 378 3538; x_wconf 84' lang='lat' dir='ltr'><strong>aetema</strong></span> <span class='ocrx_word' id='word_1_497' title='bbox 390 3479 530 3553; x_wconf 86' lang='lat' dir='ltr'><strong>perducat.</strong></span> <span class='ocrx_word' id='word_1_498' title='bbox 546 3478 694 3552; x_wconf 92' lang='lat' dir='ltr'><strong>lmpiorum</strong></span> <span class='ocrx_word' id='word_1_499' title='bbox 714 3486 805 3535; x_wconf 88' lang='lat' dir='ltr'><strong>autem</strong></span> <span class='ocrx_word' id='word_1_500' title='bbox 825 3483 913 3533; x_wconf 89' lang='lat' dir='ltr'><strong>exter·</strong></span> 
     </span>
     <span class='ocr_line' id='line_1_43' title="bbox 114 3565 912 3642; baseline -0.004 -20"><span class='ocrx_word' id='word_1_501' title='bbox 114 3565 234 3623; x_wconf 88' lang='lat' dir='ltr'><strong>minatio</strong></span> <span class='ocrx_word' id='word_1_502' title='bbox 249 3575 275 3623; x_wconf 92' lang='lat' dir='ltr'><strong>et</strong></span> <span class='ocrx_word' id='word_1_503' title='bbox 289 3567 335 3624; x_wconf 91' lang='lat' dir='ltr'><strong>hic</strong></span> <span class='ocrx_word' id='word_1_504' title='bbox 349 3567 439 3642; x_wconf 90' lang='lat' dir='ltr'><strong>gravis</strong></span> <span class='ocrx_word' id='word_1_505' title='bbox 452 3568 514 3636; x_wconf 90' lang='lat' dir='ltr'><strong>erit,</strong></span> <span class='ocrx_word' id='word_1_506' title='bbox 530 3575 557 3625; x_wconf 89' lang='lat' dir='ltr'><strong>et</strong></span> <span class='ocrx_word' id='word_1_507' title='bbox 574 3573 635 3641; x_wconf 89' lang='lat' dir='ltr'><strong>post</strong></span> <span class='ocrx_word' id='word_1_508' title='bbox 653 3573 768 3623; x_wconf 88' lang='lat' dir='ltr'><strong>mortem</strong></span> <span class='ocrx_word' id='word_1_509' title='bbox 784 3565 912 3638; x_wconf 88' lang='lat' dir='ltr'><strong>gravior;</strong></span> 
     </span>
     <span class='ocr_line' id='line_1_44' title="bbox 114 3653 915 3729; baseline -0.002 -17"><span class='ocrx_word' id='word_1_510' title='bbox 114 3653 259 3712; x_wconf 87' lang='lat' dir='ltr'><strong>damnatio</strong></span> <span class='ocrx_word' id='word_1_511' title='bbox 282 3655 355 3712; x_wconf 83' lang='lat' dir='ltr'><strong>enirn</strong></span> <span class='ocrx_word' id='word_1_512' title='bbox 378 3657 523 3729; x_wconf 87' lang='lat' dir='ltr'><strong>luctusque</strong></span> <span class='ocrx_word' id='word_1_513' title='bbox 536 3664 686 3729; x_wconf 91' lang='lat' dir='ltr'><strong>perpetuus</strong></span> <span class='ocrx_word' id='word_1_514' title='bbox 707 3654 736 3710; x_wconf 93' lang='lat' dir='ltr'><strong>in</strong></span> <span class='ocrx_word' id='word_1_515' title='bbox 751 3655 790 3710; x_wconf 90' lang='lat' dir='ltr'><strong>eis</strong></span> <span class='ocrx_word' id='word_1_516' title='bbox 803 3671 915 3727; x_wconf 88' lang='lat' dir='ltr'><strong>perma-</strong></span> 
     </span>
     <span class='ocr_line' id='line_1_45' title="bbox 115 3745 914 3820; baseline -0.001 -19"><span class='ocrx_word' id='word_1_517' title='bbox 115 3745 205 3802; x_wconf 88' lang='lat' dir='ltr'><strong>nebit.</strong></span> <span class='ocrx_word' id='word_1_518' title='bbox 227 3745 297 3802; x_wconf 81' lang='lat' dir='ltr'><strong>lusti</strong></span> <span class='ocrx_word' id='word_1_519' title='bbox 320 3745 354 3803; x_wconf 91' lang='lat' dir='ltr'><strong>de</strong></span> <span class='ocrx_word' id='word_1_520' title='bbox 378 3762 425 3820; x_wconf 89' lang='lat' dir='ltr'><strong>spe</strong></span> <span class='ocrx_word' id='word_1_521' title='bbox 448 3745 640 3804; x_wconf 90' lang='lat' dir='ltr'><strong>retributionis</strong></span> <span class='ocrx_word' id='word_1_522' title='bbox 663 3753 772 3802; x_wconf 84' lang='lat' dir='ltr'><strong>aeternae</strong></span> <span class='ocrx_word' id='word_1_523' title='bbox 796 3751 914 3800; x_wconf 89' lang='lat' dir='ltr'><strong>mortem</strong></span> 
     </span>
     <span class='ocr_line' id='line_1_46' title="bbox 80 3833 916 3909; baseline 0 -17"><span class='ocrx_word' id='word_1_524' title='bbox 80 3839 87 3848; x_wconf 91' lang='lat'>&#39;</span> <span class='ocrx_word' id='word_1_525' title='bbox 115 3835 209 3892; x_wconf 78' lang='lat' dir='ltr'><strong>laetam</strong></span> <span class='ocrx_word' id='word_1_526' title='bbox 226 3833 387 3908; x_wconf 87' lang='lat' dir='ltr'><strong>excipient:</strong></span> <span class='ocrx_word' id='word_1_527' title='bbox 405 3836 483 3909; x_wconf 89' lang='lat' dir='ltr'><strong>impii</strong></span> <span class='ocrx_word' id='word_1_528' title='bbox 506 3851 572 3892; x_wconf 90' lang='lat' dir='ltr'><strong>vero</strong></span> <span class='ocrx_word' id='word_1_529' title='bbox 586 3834 620 3893; x_wconf 90' lang='lat' dir='ltr'><strong>de</strong></span> <span class='ocrx_word' id='word_1_530' title='bbox 635 3834 811 3893; x_wconf 89' lang='lat' dir='ltr'><strong>damnatione</strong></span> <span class='ocrx_word' id='word_1_531' title='bbox 822 3850 916 3908; x_wconf 88' lang='lat' dir='ltr'><strong>perpe·</strong></span> 
     </span>
     <span class='ocr_line' id='line_1_47' title="bbox 115 3925 735 3998; baseline 0.003 -16"><span class='ocrx_word' id='word_1_532' title='bbox 115 3932 165 3982; x_wconf 89' lang='lat' dir='ltr'><strong>tna</strong></span> <span class='ocrx_word' id='word_1_533' title='bbox 176 3925 281 3996; x_wconf 88' lang='lat' dir='ltr'><strong>timidi,</strong></span> <span class='ocrx_word' id='word_1_534' title='bbox 293 3926 452 3984; x_wconf 89' lang='lat' dir='ltr'><strong>tristissima</strong></span> <span class='ocrx_word' id='word_1_535' title='bbox 471 3933 558 3983; x_wconf 89' lang='lat' dir='ltr'><strong>morta</strong></span> <span class='ocrx_word' id='word_1_536' title='bbox 572 3927 735 3998; x_wconf 88' lang='lat' dir='ltr'><strong>plectentur.</strong></span> 
     </span>
    </p>
   </div>
   <div class='ocr_carea' id='block_1_9' title="bbox 115 4031 917 4466">
    <p class='ocr_par' dir='ltr' id='par_1_10' title="bbox 115 4031 917 4466">
     <span class='ocr_line' id='line_1_48' title="bbox 153 4031 917 4108; baseline -0.004 -18"><span class='ocrx_word' id='word_1_537' title='bbox 153 4034 235 4091; x_wconf 79' lang='lat' dir='ltr'><strong>Alter</strong></span> <span class='ocrx_word' id='word_1_538' title='bbox 255 4034 368 4108; x_wconf 89' lang='lat' dir='ltr'><strong>angelus</strong></span> <span class='ocrx_word' id='word_1_539' title='bbox 381 4033 430 4108; x_wconf 92' lang='lat' dir='ltr'><strong>qni</strong></span> <span class='ocrx_word' id='word_1_540' title='bbox 453 4033 542 4092; x_wconf 78' lang='lat' dir='ltr'><strong>exivit</strong></span> <span class='ocrx_word' id='word_1_541' title='bbox 561 4034 595 4092; x_wconf 89' lang='lat' dir='ltr'><strong>de</strong></span> <span class='ocrx_word' id='word_1_542' title='bbox 613 4035 726 4108; x_wconf 85' lang='lat' dir='ltr'><strong>templo,</strong></span> <span class='ocrx_word' id='word_1_543' title='bbox 740 4040 768 4090; x_wconf 91' lang='lat' dir='ltr'><strong>et</strong></span> <span class='ocrx_word' id='word_1_544' title='bbox 786 4031 917 4090; x_wconf 87' lang='lat' dir='ltr'><strong>clamavit</strong></span> 
     </span>
     <span class='ocr_line' id='line_1_49' title="bbox 116 4123 917 4199; baseline 0 -19"><span class='ocrx_word' id='word_1_545' title='bbox 116 4141 187 4182; x_wconf 90' lang='lat' dir='ltr'><strong>voce</strong></span> <span class='ocrx_word' id='word_1_546' title='bbox 211 4139 309 4197; x_wconf 89' lang='lat' dir='ltr'><strong>magna</strong></span> <span class='ocrx_word' id='word_1_547' title='bbox 323 4123 357 4180; x_wconf 92' lang='lat' dir='ltr'><strong>ad</strong></span> <span class='ocrx_word' id='word_1_548' title='bbox 371 4141 434 4181; x_wconf 92' lang='lat' dir='ltr'><strong>enm</strong></span> <span class='ocrx_word' id='word_1_549' title='bbox 450 4125 497 4199; x_wconf 91' lang='lat' dir='ltr'><strong>qui</strong></span> <span class='ocrx_word' id='word_1_550' title='bbox 520 4125 630 4184; x_wconf 89' lang='lat' dir='ltr'><strong>sedebat</strong></span> <span class='ocrx_word' id='word_1_551' title='bbox 645 4141 727 4199; x_wconf 86' lang='lat' dir='ltr'><strong>super</strong></span> <span class='ocrx_word' id='word_1_552' title='bbox 740 4124 853 4193; x_wconf 89' lang='lat' dir='ltr'><strong>nubem,</strong></span> <span class='ocrx_word' id='word_1_553' title='bbox 869 4123 917 4181; x_wconf 88' lang='lat' dir='ltr'><strong>di-</strong></span> 
     </span>
     <span class='ocr_line' id='line_1_50' title="bbox 115 4213 917 4290; baseline -0.001 -19"><span class='ocrx_word' id='word_1_554' title='bbox 115 4231 199 4272; x_wconf 87' lang='lat' dir='ltr'><strong>cens:</strong></span> <span class='ocrx_word' id='word_1_555' title='bbox 224 4214 298 4274; x_wconf 83' lang='lat' dir='ltr'><strong>ltttu</strong></span> <span class='ocrx_word' id='word_1_556' title='bbox 319 4213 415 4285; x_wconf 66' lang='lat' dir='ltr'><strong>sulcem</strong></span> <span class='ocrx_word' id='word_1_557' title='bbox 438 4221 522 4283; x_wconf 88' lang='lat' dir='ltr'><strong>tuom,</strong></span> <span class='ocrx_word' id='word_1_558' title='bbox 545 4221 665 4284; x_wconf 85' lang='lat' dir='ltr'><strong>etmeto,</strong></span> <span class='ocrx_word' id='word_1_559' title='bbox 678 4249 682 4260; x_wconf 51' lang='grc' dir='ltr'>ι</span> <span class='ocrx_word' id='word_1_560' title='bbox 695 4215 796 4272; x_wconf 88' lang='lat' dir='ltr'><strong>electos</strong></span> <span class='ocrx_word' id='word_1_561' title='bbox 814 4214 861 4290; x_wconf 92' lang='lat' dir='ltr'><strong>qui</strong></span> <span class='ocrx_word' id='word_1_562' title='bbox 886 4213 917 4271; x_wconf 93' lang='lat' dir='ltr'><strong>in</strong></span> 
     </span>
     <span class='ocr_line' id='line_1_51' title="bbox 115 4304 916 4378; baseline -0.001 -17"><span class='ocrx_word' id='word_1_563' title='bbox 115 4304 171 4362; x_wconf 87' lang='lat' dir='ltr'><strong>hac</strong></span> <span class='ocrx_word' id='word_1_564' title='bbox 197 4311 269 4360; x_wconf 89' lang='lat' dir='ltr'><strong>terra</strong></span> <span class='ocrx_word' id='word_1_565' title='bbox 293 4305 418 4362; x_wconf 87' lang='lat' dir='ltr'><strong>laborant</strong></span> <span class='ocrx_word' id='word_1_566' title='bbox 443 4304 578 4378; x_wconf 87' lang='lat' dir='ltr'><strong>designat,</strong></span> <span class='ocrx_word' id='word_1_567' title='bbox 599 4321 648 4378; x_wconf 95' lang='lat' dir='ltr'><strong>per</strong></span> <span class='ocrx_word' id='word_1_568' title='bbox 669 4305 802 4378; x_wconf 87' lang='lat' dir='ltr'><strong>templum</strong></span> <span class='ocrx_word' id='word_1_569' title='bbox 825 4311 916 4360; x_wconf 88' lang='lat' dir='ltr'><strong>autem</strong></span> 
     </span>
     <span class='ocr_line' id='line_1_52' title="bbox 115 4393 917 4466; baseline -0.002 -15"><span class='ocrx_word' id='word_1_570' title='bbox 115 4393 194 4451; x_wconf 89' lang='lat' dir='ltr'><strong>unde</strong></span> <span class='ocrx_word' id='word_1_571' title='bbox 208 4393 308 4450; x_wconf 90' lang='lat' dir='ltr'><strong>exiisse</strong></span> <span class='ocrx_word' id='word_1_572' title='bbox 326 4395 403 4452; x_wconf 88' lang='lat' dir='ltr'><strong>visus</strong></span> <span class='ocrx_word' id='word_1_573' title='bbox 417 4402 467 4466; x_wconf 90' lang='lat' dir='ltr'><strong>est,</strong></span> <span class='ocrx_word' id='word_1_574' title='bbox 483 4395 607 4453; x_wconf 82' lang='lat' dir='ltr'><strong>Ecclesia</strong></span> <span class='ocrx_word' id='word_1_575' title='bbox 621 4393 789 4466; x_wconf 87' lang='lat' dir='ltr'><strong>designatur.</strong></span> <span class='ocrx_word' id='word_1_576' title='bbox 804 4393 917 4452; x_wconf 81' lang='lat' dir='ltr'><strong>Clenna-</strong></span> 
     </span>
    </p>
   </div>
   <div class='ocr_carea' id='block_1_10' title="bbox 970 3477 1774 3550">
    <p class='ocr_par' dir='ltr' id='par_1_11' title="bbox 970 3477 1774 3550">
     <span class='ocr_line' id='line_1_53' title="bbox 970 3477 1774 3550; baseline 0.016 -18"><span class='ocrx_word' id='word_1_577' title='bbox 970 3477 1057 3535; x_wconf 88' lang='lat' dir='ltr'><strong>malos</strong></span> <span class='ocrx_word' id='word_1_578' title='bbox 1074 3477 1108 3534; x_wconf 93' lang='lat' dir='ltr'><strong>de</strong></span> <span class='ocrx_word' id='word_1_579' title='bbox 1122 3477 1213 3534; x_wconf 89' lang='lat' dir='ltr'><strong>medio</strong></span> <span class='ocrx_word' id='word_1_580' title='bbox 1224 3477 1375 3550; x_wconf 89' lang='lat' dir='ltr'><strong>justorum,</strong></span> <span class='ocrx_word' id='word_1_581' title='bbox 1391 3485 1419 3536; x_wconf 92' lang='lat' dir='ltr'><strong>et</strong></span> <span class='ocrx_word' id='word_1_582' title='bbox 1434 3478 1544 3538; x_wconf 86' lang='lat' dir='ltr'><strong>mittent</strong></span> <span class='ocrx_word' id='word_1_583' title='bbox 1560 3480 1624 3539; x_wconf 92' lang='lat' dir='ltr'><strong>illos</strong></span> <span class='ocrx_word' id='word_1_584' title='bbox 1637 3483 1668 3541; x_wconf 92' lang='lat' dir='ltr'><strong>in</strong></span> <span class='ocrx_word' id='word_1_585' title='bbox 1681 3485 1774 3544; x_wconf 87' lang='lat' dir='ltr'><strong>cami-</strong></span> 
     </span>
    </p>
   </div>
   <div class='ocr_carea' id='block_1_11' title="bbox 970 3564 1772 3731">
    <p class='ocr_par' dir='ltr' id='par_1_12' title="bbox 970 3564 1772 3731">
     <span class='ocr_line' id='line_1_54' title="bbox 970 3564 1772 3650; baseline 0.016 -28"><span class='ocrx_word' id='word_1_586' title='bbox 970 3581 1037 3623; x_wconf 92' lang='lat' dir='ltr'><strong>num</strong></span> <span class='ocrx_word' id='word_1_587' title='bbox 1056 3564 1140 3639; x_wconf 91' lang='lat' dir='ltr'><strong>ignis.</strong></span> <span class='ocrx_word' id='word_1_588' title='bbox 1156 3565 1198 3623; x_wconf 96' lang='lat' dir='ltr'><strong>lbi</strong></span> <span class='ocrx_word' id='word_1_589' title='bbox 1211 3567 1264 3626; x_wconf 90' lang='lat' dir='ltr'><strong>erit</strong></span> <span class='ocrx_word' id='word_1_590' title='bbox 1285 3567 1366 3627; x_wconf 87' lang='lat' dir='ltr'><strong>iletus</strong></span> <span class='ocrx_word' id='word_1_591' title='bbox 1388 3576 1416 3626; x_wconf 88' lang='lat' dir='ltr'><strong>et</strong></span> <span class='ocrx_word' id='word_1_592' title='bbox 1433 3567 1535 3627; x_wconf 86' lang='lat' dir='ltr'><strong>stridor</strong></span> <span class='ocrx_word' id='word_1_593' title='bbox 1559 3570 1686 3632; x_wconf 81' lang='lat' dir='ltr'><strong>danuam</strong></span> <span class='ocrx_word' id='word_1_594' title='bbox 1713 3576 1772 3650; x_wconf 74' lang='lat' dir='ltr'><strong>(Sd)</strong></span> 
     </span>
     <span class='ocr_line' id='line_1_55' title="bbox 972 3655 1258 3731; baseline 0.017 -20"><span class='ocrx_word' id='word_1_595' title='bbox 972 3657 1080 3731; x_wconf 75' lang='lat' dir='ltr'><strong>(batn.</strong></span> <span class='ocrx_word' id='word_1_596' title='bbox 1098 3671 1161 3726; x_wconf 88' lang='lat' dir='ltr'><strong>xtrr,</strong></span> <span class='ocrx_word' id='word_1_597' title='bbox 1174 3655 1232 3730; x_wconf 79' lang='lat' dir='ltr'><strong>lei.</strong></span> <span class='ocrx_word' id='word_1_598' title='bbox 1249 3681 1258 3704; x_wconf 87' lang='lat'><strong>·</strong></span> 
     </span>
    </p>
   </div>
   <div class='ocr_carea' id='block_1_12' title="bbox 972 3753 1775 3929">
    <p class='ocr_par' dir='ltr' id='par_1_13' title="bbox 972 3753 1775 3929">
     <span class='ocr_line' id='line_1_56' title="bbox 1011 3753 1775 3838; baseline 0.013 -24"><span class='ocrx_word' id='word_1_599' title='bbox 1011 3755 1084 3815; x_wconf 76' lang='lat'><strong>557</strong></span> <span class='ocrx_word' id='word_1_600' title='bbox 1107 3761 1145 3816; x_wconf 83' lang='lat' dir='ltr'><strong>Et</strong></span> <span class='ocrx_word' id='word_1_601' title='bbox 1169 3760 1235 3817; x_wconf 75' lang='lat' dir='ltr'><strong>sciit</strong></span> <span class='ocrx_word' id='word_1_602' title='bbox 1255 3760 1363 3835; x_wconf 68' lang='lat' dir='ltr'><strong>moseia</strong></span> <span class='ocrx_word' id='word_1_603' title='bbox 1384 3760 1416 3818; x_wconf 86' lang='lat' dir='ltr'><strong>de</strong></span> <span class='ocrx_word' id='word_1_604' title='bbox 1438 3762 1497 3820; x_wconf 84' lang='lat' dir='ltr'><strong>lucu</strong></span> <span class='ocrx_word' id='word_1_605' title='bbox 1519 3780 1601 3837; x_wconf 80' lang='lat' dir='ltr'><strong>usque</strong></span> <span class='ocrx_word' id='word_1_606' title='bbox 1616 3753 1661 3823; x_wconf 62' lang='lat' dir='ltr'><strong>&#39;od</strong></span> <span class='ocrx_word' id='word_1_607' title='bbox 1683 3766 1775 3838; x_wconf 73' lang='lat' dir='ltr'><strong>frenos</strong></span> 
     </span>
     <span class='ocr_line' id='line_1_57' title="bbox 972 3851 1774 3929; baseline 0.015 -26"><span class='ocrx_word' id='word_1_608' title='bbox 972 3864 1098 3920; x_wconf 85' lang='lat' dir='ltr'><strong>equorum</strong></span> <span class='ocrx_word' id='word_1_609' title='bbox 1117 3867 1168 3922; x_wconf 85' lang='lat' dir='ltr'><strong>per</strong></span> <span class='ocrx_word' id='word_1_610' title='bbox 1186 3851 1274 3907; x_wconf 82' lang='lat' dir='ltr'><strong>studio</strong></span> <span class='ocrx_word' id='word_1_611' title='bbox 1298 3852 1370 3909; x_wconf 88' lang='lat' dir='ltr'><strong>mt&#39;lle</strong></span> <span class='ocrx_word' id='word_1_612' title='bbox 1395 3859 1525 3910; x_wconf 63' lang='lat' dir='ltr'><strong>sanante</strong></span> <span class='ocrx_word' id='word_1_613' title='bbox 1548 3853 1774 3929; x_wconf 88' lang='lat' dir='ltr'><strong>Persenguinem</strong></span> 
     </span>
    </p>
   </div>
   <div class='ocr_carea' id='block_1_13' title="bbox 972 3935 1862 4015">
    <p class='ocr_par' dir='ltr' id='par_1_14' title="bbox 972 3935 1862 4015">
     <span class='ocr_line' id='line_1_58' title="bbox 972 3935 1862 4015; baseline 0.011 -24"><span class='ocrx_word' id='word_1_614' title='bbox 972 3949 1055 4008; x_wconf 90' lang='lat' dir='ltr'><strong>poena</strong></span> <span class='ocrx_word' id='word_1_615' title='bbox 1080 3935 1231 4009; x_wconf 90' lang='lat' dir='ltr'><strong>impiorum</strong></span> <span class='ocrx_word' id='word_1_616' title='bbox 1259 3937 1442 4013; x_wconf 84' lang='lat' dir='ltr'><strong>designatur:</strong></span> <span class='ocrx_word' id='word_1_617' title='bbox 1475 3957 1523 4014; x_wconf 91' lang='grc' dir='ltr'><strong>ρετ</strong></span> <span class='ocrx_word' id='word_1_618' title='bbox 1555 3943 1675 4015; x_wconf 87' lang='lat' dir='ltr'><strong>spatium</strong></span> <span class='ocrx_word' id='word_1_619' title='bbox 1708 3961 1774 4004; x_wconf 91' lang='lat' dir='ltr'><strong>vero</strong></span> <span class='ocrx_word' id='word_1_620' title='bbox 1854 3981 1862 4001; x_wconf 87' lang='lat'><strong>.</strong></span> 
     </span>
    </p>
   </div>
   <div class='ocr_carea' id='block_1_14' title="bbox 973 4025 1775 4459">
    <p class='ocr_par' dir='ltr' id='par_1_15' title="bbox 973 4025 1775 4459">
     <span class='ocr_line' id='line_1_59' title="bbox 973 4025 1775 4106; baseline 0.014 -25"><span class='ocrx_word' id='word_1_621' title='bbox 973 4025 1050 4082; x_wconf 90' lang='lat' dir='ltr'><strong>mille</strong></span> <span class='ocrx_word' id='word_1_622' title='bbox 1064 4034 1257 4085; x_wconf 87' lang='lat' dir='ltr'><strong>sexcentorum</strong></span> <span class='ocrx_word' id='word_1_623' title='bbox 1272 4029 1436 4100; x_wconf 89' lang='lat' dir='ltr'><strong>stadiorum,</strong></span> <span class='ocrx_word' id='word_1_624' title='bbox 1452 4030 1526 4106; x_wconf 91' lang='lat' dir='ltr'><strong>quod</strong></span> <span class='ocrx_word' id='word_1_625' title='bbox 1540 4032 1698 4104; x_wconf 88' lang='lat' dir='ltr'><strong>sangnis·de</strong></span> <span class='ocrx_word' id='word_1_626' title='bbox 1712 4035 1775 4093; x_wconf 86' lang='lat' dir='ltr'><strong>lacn</strong></span> 
     </span>
     <span class='ocr_line' id='line_1_60' title="bbox 973 4114 1773 4196; baseline 0.011 -26"><span class='ocrx_word' id='word_1_627' title='bbox 973 4114 1069 4172; x_wconf 84' lang='lat' dir='ltr'><strong>exiens</strong></span> <span class='ocrx_word' id='word_1_628' title='bbox 1083 4117 1239 4190; x_wconf 88' lang='lat' dir='ltr'><strong>occupavit,</strong></span> <span class='ocrx_word' id='word_1_629' title='bbox 1265 4118 1326 4175; x_wconf 83' lang='lat' dir='ltr'><strong>falsi</strong></span> <span class='ocrx_word' id='word_1_630' title='bbox 1349 4117 1500 4176; x_wconf 87' lang='lat' dir='ltr'><strong>Christiani</strong></span> <span class='ocrx_word' id='word_1_631' title='bbox 1515 4118 1712 4193; x_wconf 88' lang='lat' dir='ltr'><strong>designantur;</strong></span> <span class='ocrx_word' id='word_1_632' title='bbox 1725 4122 1773 4196; x_wconf 93' lang='lat' dir='ltr'><strong>qui</strong></span> 
     </span>
     <span class='ocr_line' id='line_1_61' title="bbox 973 4205 1773 4281; baseline 0.014 -21"><span class='ocrx_word' id='word_1_633' title='bbox 973 4219 1106 4263; x_wconf 90' lang='lat' dir='ltr'><strong>numerus</strong></span> <span class='ocrx_word' id='word_1_634' title='bbox 1122 4207 1249 4280; x_wconf 89' lang='lat' dir='ltr'><strong>quamvis</strong></span> <span class='ocrx_word' id='word_1_635' title='bbox 1263 4223 1279 4264; x_wconf 89' lang='lat' dir='ltr'><strong>a</strong></span> <span class='ocrx_word' id='word_1_636' title='bbox 1294 4205 1470 4281; x_wconf 88' lang='lat' dir='ltr'><strong>quaternario</strong></span> <span class='ocrx_word' id='word_1_637' title='bbox 1485 4224 1599 4265; x_wconf 89' lang='lat' dir='ltr'><strong>numero</strong></span> <span class='ocrx_word' id='word_1_638' title='bbox 1619 4209 1773 4280; x_wconf 86' lang='lat' dir='ltr'><strong>derivatur,</strong></span> 
     </span>
     <span class='ocr_line' id='line_1_62' title="bbox 973 4293 1774 4369; baseline 0.009 -17"><span class='ocrx_word' id='word_1_639' title='bbox 973 4293 1187 4369; x_wconf 86' lang='lat' dir='ltr'><strong>circumquaque</strong></span> <span class='ocrx_word' id='word_1_640' title='bbox 1214 4305 1306 4354; x_wconf 86' lang='lat' dir='ltr'><strong>tamen</strong></span> <span class='ocrx_word' id='word_1_641' title='bbox 1330 4295 1457 4354; x_wconf 89' lang='lat' dir='ltr'><strong>eumdem</strong></span> <span class='ocrx_word' id='word_1_642' title='bbox 1484 4312 1632 4355; x_wconf 86' lang='lat' dir='ltr'><strong>numerum</strong></span> <span class='ocrx_word' id='word_1_643' title='bbox 1660 4315 1774 4360; x_wconf 86' lang='lat' dir='ltr'><strong>servans</strong></span> 
     </span>
     <span class='ocr_line' id='line_1_63' title="bbox 973 4383 1774 4459; baseline 0.011 -20"><span class='ocrx_word' id='word_1_644' title='bbox 973 4384 1110 4457; x_wconf 89' lang='lat' dir='ltr'><strong>spargitur</strong></span> <span class='ocrx_word' id='word_1_645' title='bbox 1125 4385 1195 4459; x_wconf 80' lang='lat'><strong>(35),</strong></span> <span class='ocrx_word' id='word_1_646' title='bbox 1215 4385 1337 4458; x_wconf 88' lang='lat' dir='ltr'><strong>finesque</strong></span> <span class='ocrx_word' id='word_1_647' title='bbox 1356 4384 1415 4457; x_wconf 90' lang='lat' dir='ltr'><strong>ejus</strong></span> <span class='ocrx_word' id='word_1_648' title='bbox 1430 4383 1545 4443; x_wconf 92' lang='lat' dir='ltr'><strong>minime</strong></span> <span class='ocrx_word' id='word_1_649' title='bbox 1564 4387 1707 4448; x_wconf 88' lang='lat' dir='ltr'><strong>transiliit.</strong></span> <span class='ocrx_word' id='word_1_650' title='bbox 1724 4389 1774 4448; x_wconf 93' lang='lat' dir='ltr'><strong>Si-</strong></span> 
     </span>
    </p>
   </div>
   <div class='ocr_carea' id='block_1_15' title="bbox 113 4473 1775 5462">
    <p class='ocr_par' dir='ltr' id='par_1_16' title="bbox 113 4473 1775 5462">
     <span class='ocr_line' id='line_1_64' title="bbox 114 4473 1775 4571; baseline -0.002 -30"><span class='ocrx_word' id='word_1_651' title='bbox 114 4485 159 4542; x_wconf 90' lang='lat' dir='ltr'><strong>vit</strong></span> <span class='ocrx_word' id='word_1_652' title='bbox 172 4501 238 4558; x_wconf 88' lang='lat' dir='ltr'><strong>ergo</strong></span> <span class='ocrx_word' id='word_1_653' title='bbox 253 4483 287 4540; x_wconf 83' lang='lat' dir='ltr'><strong>sd</strong></span> <span class='ocrx_word' id='word_1_654' title='bbox 301 4501 363 4543; x_wconf 90' lang='lat' dir='ltr'><strong>eum</strong></span> <span class='ocrx_word' id='word_1_655' title='bbox 378 4487 426 4560; x_wconf 91' lang='lat' dir='ltr'><strong>qni</strong></span> <span class='ocrx_word' id='word_1_656' title='bbox 443 4485 561 4561; x_wconf 81' lang='lat' dir='ltr'><strong>sedebat</strong></span> <span class='ocrx_word' id='word_1_657' title='bbox 577 4499 658 4558; x_wconf 88' lang='lat' dir='ltr'><strong>super</strong></span> <span class='ocrx_word' id='word_1_658' title='bbox 670 4483 785 4554; x_wconf 88' lang='lat' dir='ltr'><strong>nubem,</strong></span> <span class='ocrx_word' id='word_1_659' title='bbox 799 4491 831 4540; x_wconf 92' lang='lat' dir='ltr'><strong>nt</strong></span> <span class='ocrx_word' id='word_1_660' title='bbox 846 4481 954 4571; x_wconf 77' lang='lat' dir='ltr'><strong>mit-D</strong></span> <span class='ocrx_word' id='word_1_661' title='bbox 973 4473 1077 4531; x_wconf 89' lang='lat' dir='ltr'><strong>militer</strong></span> <span class='ocrx_word' id='word_1_662' title='bbox 1103 4481 1130 4531; x_wconf 92' lang='lat' dir='ltr'><strong>et</strong></span> <span class='ocrx_word' id='word_1_663' title='bbox 1154 4474 1216 4533; x_wconf 80' lang='lat' dir='ltr'><strong>falsi</strong></span> <span class='ocrx_word' id='word_1_664' title='bbox 1241 4475 1386 4536; x_wconf 87' lang='lat' dir='ltr'><strong>christiani</strong></span> <span class='ocrx_word' id='word_1_665' title='bbox 1412 4476 1496 4534; x_wconf 86' lang='lat' dir='ltr'><strong>fidem</strong></span> <span class='ocrx_word' id='word_1_666' title='bbox 1521 4477 1638 4549; x_wconf 89' lang='lat' dir='ltr'><strong>Christi,</strong></span> <span class='ocrx_word' id='word_1_667' title='bbox 1661 4495 1722 4554; x_wconf 80' lang='lat' dir='ltr'><strong>quas</strong></span> <span class='ocrx_word' id='word_1_668' title='bbox 1744 4481 1775 4540; x_wconf 92' lang='lat' dir='ltr'><strong>in</strong></span> 
     </span>
     <span class='ocr_line' id='line_1_65' title="bbox 113 4565 1774 4646; baseline 0 -13"><span class='ocrx_word' id='word_1_669' title='bbox 113 4581 189 4633; x_wconf 89' lang='lat' dir='ltr'><strong>teret</strong></span> <span class='ocrx_word' id='word_1_670' title='bbox 217 4574 315 4632; x_wconf 79' lang='lat' dir='ltr'><strong>falcem</strong></span> <span class='ocrx_word' id='word_1_671' title='bbox 344 4591 421 4632; x_wconf 88' lang='lat' dir='ltr'><strong>suam</strong></span> <span class='ocrx_word' id='word_1_672' title='bbox 449 4575 479 4632; x_wconf 91' lang='lat' dir='ltr'><strong>in</strong></span> <span class='ocrx_word' id='word_1_673' title='bbox 506 4583 618 4645; x_wconf 89' lang='lat' dir='ltr'><strong>terrem,</strong></span> <span class='ocrx_word' id='word_1_674' title='bbox 643 4580 671 4630; x_wconf 91' lang='lat' dir='ltr'><strong>et</strong></span> <span class='ocrx_word' id='word_1_675' title='bbox 698 4580 831 4642; x_wconf 89' lang='lat' dir='ltr'><strong>meteret;</strong></span> <span class='ocrx_word' id='word_1_676' title='bbox 852 4571 917 4646; x_wconf 92' lang='lat' dir='ltr'><strong>quia</strong></span> <span class='ocrx_word' id='word_1_677' title='bbox 971 4573 1089 4638; x_wconf 87' lang='lat' dir='ltr'><strong>quatuor</strong></span> <span class='ocrx_word' id='word_1_678' title='bbox 1114 4565 1192 4624; x_wconf 90' lang='lat' dir='ltr'><strong>libris</strong></span> <span class='ocrx_word' id='word_1_679' title='bbox 1212 4566 1356 4641; x_wconf 80' lang='lat' dir='ltr'><strong>Evangelii</strong></span> <span class='ocrx_word' id='word_1_680' title='bbox 1383 4567 1520 4639; x_wconf 88' lang='lat' dir='ltr'><strong>consistit,</strong></span> <span class='ocrx_word' id='word_1_681' title='bbox 1550 4569 1580 4626; x_wconf 90' lang='lat' dir='ltr'><strong>in</strong></span> <span class='ocrx_word' id='word_1_682' title='bbox 1608 4569 1774 4644; x_wconf 85' lang='lat' dir='ltr'><strong>baptismate</strong></span> 
     </span>
     <span class='ocr_line' id='line_1_66' title="bbox 114 4653 1774 4736; baseline -0.007 -12"><span class='ocrx_word' id='word_1_683' title='bbox 114 4663 208 4724; x_wconf 87' lang='lat' dir='ltr'><strong>suncti</strong></span> <span class='ocrx_word' id='word_1_684' title='bbox 224 4664 278 4720; x_wconf 90' lang='lat' dir='ltr'><strong>viri</strong></span> <span class='ocrx_word' id='word_1_685' title='bbox 294 4664 419 4723; x_wconf 88' lang='lat' dir='ltr'><strong>videntes</strong></span> <span class='ocrx_word' id='word_1_686' title='bbox 439 4666 573 4722; x_wconf 91' lang='lat' dir='ltr'><strong>muudum</strong></span> <span class='ocrx_word' id='word_1_687' title='bbox 596 4664 625 4722; x_wconf 91' lang='lat' dir='ltr'><strong>in</strong></span> <span class='ocrx_word' id='word_1_688' title='bbox 642 4663 765 4736; x_wconf 90' lang='lat' dir='ltr'><strong>maligno</strong></span> <span class='ocrx_word' id='word_1_689' title='bbox 786 4662 918 4736; x_wconf 84' lang='lat' dir='ltr'><strong>positum,</strong></span> <span class='ocrx_word' id='word_1_690' title='bbox 973 4653 1153 4728; x_wconf 75' lang='lat' dir='ltr'><strong>suscipiunt:</strong></span> <span class='ocrx_word' id='word_1_691' title='bbox 1183 4655 1232 4714; x_wconf 86' lang='lat' dir='ltr'><strong>sed</strong></span> <span class='ocrx_word' id='word_1_692' title='bbox 1258 4663 1362 4714; x_wconf 83' lang='lat' dir='ltr'><strong>aretam</strong></span> <span class='ocrx_word' id='word_1_693' title='bbox 1385 4665 1413 4716; x_wconf 89' lang='lat' dir='ltr'><strong>et</strong></span> <span class='ocrx_word' id='word_1_694' title='bbox 1435 4665 1579 4731; x_wconf 88' lang='lat' dir='ltr'><strong>angustam</strong></span> <span class='ocrx_word' id='word_1_695' title='bbox 1598 4658 1684 4730; x_wconf 88' lang='lat' dir='ltr'><strong>viam,</strong></span> <span class='ocrx_word' id='word_1_696' title='bbox 1713 4677 1774 4736; x_wconf 70' lang='lat' dir='ltr'><strong>qua</strong></span> 
     </span>
     <span class='ocr_line' id='line_1_67' title="bbox 114 4745 1774 4828; baseline -0.003 -15"><span class='ocrx_word' id='word_1_697' title='bbox 114 4753 235 4828; x_wconf 86' lang='lat' dir='ltr'><strong>ejusque</strong></span> <span class='ocrx_word' id='word_1_698' title='bbox 261 4753 385 4811; x_wconf 86' lang='lat' dir='ltr'><strong>miserias</strong></span> <span class='ocrx_word' id='word_1_699' title='bbox 409 4753 564 4824; x_wconf 86' lang='lat' dir='ltr'><strong>horrentes,</strong></span> <span class='ocrx_word' id='word_1_700' title='bbox 588 4753 770 4828; x_wconf 88' lang='lat' dir='ltr'><strong>deprecantur</strong></span> <span class='ocrx_word' id='word_1_701' title='bbox 784 4751 920 4827; x_wconf 88' lang='lat' dir='ltr'><strong>qnotidie</strong></span> <span class='ocrx_word' id='word_1_702' title='bbox 974 4745 1046 4803; x_wconf 88' lang='lat' dir='ltr'><strong>iutra</strong></span> <span class='ocrx_word' id='word_1_703' title='bbox 1060 4747 1200 4819; x_wconf 87' lang='lat' dir='ltr'><strong>angustias</strong></span> <span class='ocrx_word' id='word_1_704' title='bbox 1214 4746 1381 4822; x_wconf 86' lang='lat' dir='ltr'><strong>quaternarii</strong></span> <span class='ocrx_word' id='word_1_705' title='bbox 1396 4746 1505 4804; x_wconf 89' lang='lat' dir='ltr'><strong>numeri</strong></span> <span class='ocrx_word' id='word_1_706' title='bbox 1522 4748 1710 4819; x_wconf 86' lang='lat' dir='ltr'><strong>concluditur,</strong></span> <span class='ocrx_word' id='word_1_707' title='bbox 1725 4766 1774 4808; x_wconf 91' lang='lat' dir='ltr'><strong>re-</strong></span> 
     </span>
     <span class='ocr_line' id='line_1_68' title="bbox 114 4837 1772 4918; baseline -0.004 -17"><span class='ocrx_word' id='word_1_708' title='bbox 114 4853 150 4901; x_wconf 90' lang='lat' dir='ltr'><strong>nt</strong></span> <span class='ocrx_word' id='word_1_709' title='bbox 166 4859 281 4916; x_wconf 85' lang='lat' dir='ltr'><strong>regnum</strong></span> <span class='ocrx_word' id='word_1_710' title='bbox 297 4843 345 4902; x_wconf 89' lang='lat' dir='ltr'><strong>Dei</strong></span> <span class='ocrx_word' id='word_1_711' title='bbox 361 4843 464 4912; x_wconf 91' lang='lat' dir='ltr'><strong>veniat,</strong></span> <span class='ocrx_word' id='word_1_712' title='bbox 480 4843 509 4898; x_wconf 93' lang='lat' dir='ltr'><strong>iu</strong></span> <span class='ocrx_word' id='word_1_713' title='bbox 525 4843 623 4918; x_wconf 91' lang='lat' dir='ltr'><strong>qnoab</strong></span> <span class='ocrx_word' id='word_1_714' title='bbox 643 4842 772 4901; x_wconf 90' lang='lat' dir='ltr'><strong>omnibus</strong></span> <span class='ocrx_word' id='word_1_715' title='bbox 786 4841 921 4915; x_wconf 85' lang='lat' dir='ltr'><strong>angustiis</strong></span> <span class='ocrx_word' id='word_1_716' title='bbox 974 4838 1140 4913; x_wconf 87' lang='lat' dir='ltr'><strong>linquentes,</strong></span> <span class='ocrx_word' id='word_1_717' title='bbox 1161 4855 1223 4912; x_wconf 80' lang='lat' dir='ltr'><strong>que</strong></span> <span class='ocrx_word' id='word_1_718' title='bbox 1246 4837 1324 4896; x_wconf 92' lang='lat' dir='ltr'><strong>ducit</strong></span> <span class='ocrx_word' id='word_1_719' title='bbox 1345 4837 1381 4896; x_wconf 88' lang='lat' dir='ltr'><strong>ad</strong></span> <span class='ocrx_word' id='word_1_720' title='bbox 1403 4837 1490 4896; x_wconf 83' lang='lat' dir='ltr'><strong>vitant</strong></span> <span class='ocrx_word' id='word_1_721' title='bbox 1513 4837 1620 4912; x_wconf 75' lang='lat' dir='ltr'><strong>(batn.</strong></span> <span class='ocrx_word' id='word_1_722' title='bbox 1640 4855 1691 4910; x_wconf 89' lang='lat' dir='ltr'><strong>vrr,</strong></span> <span class='ocrx_word' id='word_1_723' title='bbox 1708 4837 1772 4913; x_wconf 80' lang='lat' dir='ltr'><strong>ll);</strong></span> 
     </span>
     <span class='ocr_line' id='line_1_69' title="bbox 115 4927 1774 5009; baseline -0.004 -17"><span class='ocrx_word' id='word_1_724' title='bbox 115 4933 243 5004; x_wconf 85' lang='lat' dir='ltr'><strong>liberati,</strong></span> <span class='ocrx_word' id='word_1_725' title='bbox 262 4950 376 5009; x_wconf 86' lang='lat' dir='ltr'><strong>corpora</strong></span> <span class='ocrx_word' id='word_1_726' title='bbox 399 4935 509 5008; x_wconf 89' lang='lat' dir='ltr'><strong>propria</strong></span> <span class='ocrx_word' id='word_1_727' title='bbox 527 4935 672 5008; x_wconf 88' lang='lat' dir='ltr'><strong>recipient,</strong></span> <span class='ocrx_word' id='word_1_728' title='bbox 692 4942 720 4992; x_wconf 90' lang='lat' dir='ltr'><strong>et</strong></span> <span class='ocrx_word' id='word_1_729' title='bbox 742 4935 772 4992; x_wconf 93' lang='lat' dir='ltr'><strong>in</strong></span> <span class='ocrx_word' id='word_1_730' title='bbox 788 4941 919 4990; x_wconf 78' lang='lat' dir='ltr'><strong>aternum</strong></span> <span class='ocrx_word' id='word_1_731' title='bbox 975 4929 1125 5003; x_wconf 88' lang='lat' dir='ltr'><strong>perlatam</strong></span> <span class='ocrx_word' id='word_1_732' title='bbox 1151 4936 1179 4985; x_wconf 91' lang='lat' dir='ltr'><strong>et</strong></span> <span class='ocrx_word' id='word_1_733' title='bbox 1199 4927 1349 5002; x_wconf 89' lang='lat' dir='ltr'><strong>spatiosam</strong></span> <span class='ocrx_word' id='word_1_734' title='bbox 1374 4927 1460 5002; x_wconf 87' lang='lat' dir='ltr'><strong>hujus</strong></span> <span class='ocrx_word' id='word_1_735' title='bbox 1485 4927 1581 4987; x_wconf 84' lang='lat' dir='ltr'><strong>saeculi</strong></span> <span class='ocrx_word' id='word_1_736' title='bbox 1604 4929 1689 4999; x_wconf 90' lang='lat' dir='ltr'><strong>viam,</strong></span> <span class='ocrx_word' id='word_1_737' title='bbox 1713 4945 1774 5004; x_wconf 81' lang='lat' dir='ltr'><strong>qne</strong></span> 
     </span>
     <span class='ocr_line' id='line_1_70' title="bbox 115 5018 1773 5094; baseline -0.005 -11"><span class='ocrx_word' id='word_1_738' title='bbox 115 5041 184 5084; x_wconf 88' lang='lat' dir='ltr'><strong>cunt</strong></span> <span class='ocrx_word' id='word_1_739' title='bbox 198 5023 318 5082; x_wconf 86' lang='lat' dir='ltr'><strong>Domino</strong></span> <span class='ocrx_word' id='word_1_740' title='bbox 333 5024 521 5082; x_wconf 86' lang='lat' dir='ltr'><strong>exsultabunt.</strong></span> <span class='ocrx_word' id='word_1_741' title='bbox 539 5024 660 5083; x_wconf 76' lang='lat' dir='ltr'><strong>ariditas</strong></span> <span class='ocrx_word' id='word_1_742' title='bbox 673 5041 739 5082; x_wconf 87' lang='lat' dir='ltr'><strong>vero</strong></span> <span class='ocrx_word' id='word_1_743' title='bbox 754 5024 851 5081; x_wconf 90' lang='lat' dir='ltr'><strong>messis</strong></span> <span class='ocrx_word' id='word_1_744' title='bbox 866 5041 921 5080; x_wconf 91' lang='lat' dir='ltr'><strong>ma·</strong></span> <span class='ocrx_word' id='word_1_745' title='bbox 974 5019 1052 5078; x_wconf 90' lang='lat' dir='ltr'><strong>ducit</strong></span> <span class='ocrx_word' id='word_1_746' title='bbox 1065 5019 1100 5076; x_wconf 89' lang='lat' dir='ltr'><strong>ad</strong></span> <span class='ocrx_word' id='word_1_747' title='bbox 1115 5027 1243 5086; x_wconf 87' lang='lat' dir='ltr'><strong>mortem,</strong></span> <span class='ocrx_word' id='word_1_748' title='bbox 1258 5018 1392 5078; x_wconf 90' lang='lat' dir='ltr'><strong>incedunt</strong></span> <span class='ocrx_word' id='word_1_749' title='bbox 1408 5018 1490 5091; x_wconf 81' lang='lat' dir='ltr'><strong>(lbid.</strong></span> <span class='ocrx_word' id='word_1_750' title='bbox 1507 5019 1564 5094; x_wconf 82' lang='lat'><strong>13).</strong></span> <span class='ocrx_word' id='word_1_751' title='bbox 1576 5019 1773 5078; x_wconf 89' lang='lat' dir='ltr'><strong>Verumtamen</strong></span> 
     </span>
     <span class='ocr_line' id='line_1_71' title="bbox 115 5106 1773 5190; baseline -0.005 -17"><span class='ocrx_word' id='word_1_752' title='bbox 115 5115 264 5173; x_wconf 87' lang='lat' dir='ltr'><strong>turitatem</strong></span> <span class='ocrx_word' id='word_1_753' title='bbox 287 5115 347 5190; x_wconf 85' lang='lat' dir='ltr'><strong>ejus</strong></span> <span class='ocrx_word' id='word_1_754' title='bbox 370 5116 492 5186; x_wconf 89' lang='lat' dir='ltr'><strong>indicat;</strong></span> <span class='ocrx_word' id='word_1_755' title='bbox 518 5133 583 5174; x_wconf 90' lang='lat' dir='ltr'><strong>nam</strong></span> <span class='ocrx_word' id='word_1_756' title='bbox 603 5116 675 5174; x_wconf 91' lang='lat' dir='ltr'><strong>sicut</strong></span> <span class='ocrx_word' id='word_1_757' title='bbox 698 5115 795 5173; x_wconf 87' lang='lat' dir='ltr'><strong>messis</strong></span> <span class='ocrx_word' id='word_1_758' title='bbox 822 5114 922 5174; x_wconf 87' lang='lat' dir='ltr'><strong>crescit</strong></span> <span class='ocrx_word' id='word_1_759' title='bbox 974 5108 1175 5185; x_wconf 86' lang='lat' dir='ltr'><strong>aquaternario</strong></span> <span class='ocrx_word' id='word_1_760' title='bbox 1189 5125 1305 5168; x_wconf 91' lang='lat' dir='ltr'><strong>numero</strong></span> <span class='ocrx_word' id='word_1_761' title='bbox 1320 5124 1376 5166; x_wconf 92' lang='lat' dir='ltr'><strong>non</strong></span> <span class='ocrx_word' id='word_1_762' title='bbox 1395 5107 1538 5180; x_wconf 88' lang='lat' dir='ltr'><strong>recedunt,</strong></span> <span class='ocrx_word' id='word_1_763' title='bbox 1563 5109 1628 5183; x_wconf 90' lang='lat' dir='ltr'><strong>quia</strong></span> <span class='ocrx_word' id='word_1_764' title='bbox 1647 5106 1773 5181; x_wconf 88' lang='lat' dir='ltr'><strong>quamvis</strong></span> 
     </span>
     <span class='ocr_line' id='line_1_72' title="bbox 117 5193 1774 5281; baseline -0.006 -19"><span class='ocrx_word' id='word_1_765' title='bbox 117 5221 210 5280; x_wconf 88' lang='lat' dir='ltr'><strong>usque</strong></span> <span class='ocrx_word' id='word_1_766' title='bbox 230 5203 265 5262; x_wconf 88' lang='lat' dir='ltr'><strong>sd</strong></span> <span class='ocrx_word' id='word_1_767' title='bbox 287 5207 486 5277; x_wconf 89' lang='lat' dir='ltr'><strong>maturitatem,</strong></span> <span class='ocrx_word' id='word_1_768' title='bbox 508 5205 618 5281; x_wconf 87' lang='lat' dir='ltr'><strong>qnando</strong></span> <span class='ocrx_word' id='word_1_769' title='bbox 630 5204 706 5262; x_wconf 86' lang='lat' dir='ltr'><strong>arida</strong></span> <span class='ocrx_word' id='word_1_770' title='bbox 730 5203 864 5263; x_wconf 85' lang='lat' dir='ltr'><strong>efficitur:</strong></span> <span class='ocrx_word' id='word_1_771' title='bbox 883 5205 922 5260; x_wconf 86' lang='lat' dir='ltr'><strong>ita</strong></span> <span class='ocrx_word' id='word_1_772' title='bbox 974 5217 1057 5276; x_wconf 89' lang='lat' dir='ltr'><strong>opera</strong></span> <span class='ocrx_word' id='word_1_773' title='bbox 1072 5198 1231 5260; x_wconf 87' lang='lat' dir='ltr'><strong>christianis</strong></span> <span class='ocrx_word' id='word_1_774' title='bbox 1250 5215 1306 5258; x_wconf 92' lang='lat' dir='ltr'><strong>non</strong></span> <span class='ocrx_word' id='word_1_775' title='bbox 1325 5197 1455 5269; x_wconf 87' lang='lat' dir='ltr'><strong>habeant,</strong></span> <span class='ocrx_word' id='word_1_776' title='bbox 1470 5213 1571 5255; x_wconf 88' lang='lat' dir='ltr'><strong>nomen</strong></span> <span class='ocrx_word' id='word_1_777' title='bbox 1587 5204 1678 5254; x_wconf 71' lang='lat' dir='ltr'><strong>umen</strong></span> <span class='ocrx_word' id='word_1_778' title='bbox 1692 5193 1774 5253; x_wconf 89' lang='lat' dir='ltr'><strong>ebri-</strong></span> 
     </span>
     <span class='ocr_line' id='line_1_73' title="bbox 117 5283 1773 5372; baseline -0.006 -20"><span class='ocrx_word' id='word_1_779' title='bbox 117 5303 148 5352; x_wconf 84' lang='lat' dir='ltr'><strong>et</strong></span> <span class='ocrx_word' id='word_1_780' title='bbox 163 5311 298 5353; x_wconf 90' lang='lat' dir='ltr'><strong>numerus</strong></span> <span class='ocrx_word' id='word_1_781' title='bbox 318 5295 468 5355; x_wconf 88' lang='lat' dir='ltr'><strong>electorum</strong></span> <span class='ocrx_word' id='word_1_782' title='bbox 483 5296 618 5372; x_wconf 86' lang='lat' dir='ltr'><strong>usquead</strong></span> <span class='ocrx_word' id='word_1_783' title='bbox 633 5297 716 5355; x_wconf 90' lang='lat' dir='ltr'><strong>linem</strong></span> <span class='ocrx_word' id='word_1_784' title='bbox 731 5293 829 5352; x_wconf 91' lang='lat' dir='ltr'><strong>mnudi</strong></span> <span class='ocrx_word' id='word_1_785' title='bbox 843 5309 922 5352; x_wconf 87' lang='lat' dir='ltr'><strong>cres-</strong></span> <span class='ocrx_word' id='word_1_786' title='bbox 975 5292 1124 5351; x_wconf 87' lang='lat' dir='ltr'><strong>stianitatis</strong></span> <span class='ocrx_word' id='word_1_787' title='bbox 1138 5307 1194 5350; x_wconf 93' lang='lat' dir='ltr'><strong>non</strong></span> <span class='ocrx_word' id='word_1_788' title='bbox 1208 5290 1352 5350; x_wconf 85' lang='lat' dir='ltr'><strong>amittunt.</strong></span> <span class='ocrx_word' id='word_1_789' title='bbox 1368 5290 1485 5364; x_wconf 90' lang='lat' dir='ltr'><strong>Sanguis</strong></span> <span class='ocrx_word' id='word_1_790' title='bbox 1498 5305 1562 5363; x_wconf 90' lang='lat' dir='ltr'><strong>ergo</strong></span> <span class='ocrx_word' id='word_1_791' title='bbox 1574 5289 1610 5348; x_wconf 91' lang='lat' dir='ltr'><strong>de</strong></span> <span class='ocrx_word' id='word_1_792' title='bbox 1628 5287 1690 5344; x_wconf 86' lang='lat' dir='ltr'><strong>lacu</strong></span> <span class='ocrx_word' id='word_1_793' title='bbox 1707 5283 1773 5342; x_wconf 84' lang='lat' dir='ltr'><strong>exi-</strong></span> 
     </span>
     <span class='ocr_line' id='line_1_74' title="bbox 118 5373 1774 5462; baseline -0.005 -20"><span class='ocrx_word' id='word_1_794' title='bbox 118 5393 176 5456; x_wconf 88' lang='lat' dir='ltr'><strong>eet,</strong></span> <span class='ocrx_word' id='word_1_795' title='bbox 208 5401 358 5462; x_wconf 86' lang='lat' dir='ltr'><strong>eorumque</strong></span> <span class='ocrx_word' id='word_1_796' title='bbox 388 5386 533 5444; x_wconf 86' lang='lat' dir='ltr'><strong>maturitas</strong></span> <span class='ocrx_word' id='word_1_797' title='bbox 555 5394 623 5445; x_wconf 88' lang='lat' dir='ltr'><strong>tuno</strong></span> <span class='ocrx_word' id='word_1_798' title='bbox 652 5385 821 5460; x_wconf 86' lang='lat' dir='ltr'><strong>perficietur,</strong></span> <span class='ocrx_word' id='word_1_799' title='bbox 858 5401 921 5444; x_wconf 88' lang='lat' dir='ltr'><strong>curn</strong></span> <span class='ocrx_word' id='word_1_800' title='bbox 974 5383 1027 5454; x_wconf 88' lang='lat' dir='ltr'><strong>vit,</strong></span> <span class='ocrx_word' id='word_1_801' title='bbox 1043 5389 1071 5440; x_wconf 88' lang='lat' dir='ltr'><strong>et</strong></span> <span class='ocrx_word' id='word_1_802' title='bbox 1093 5381 1170 5440; x_wconf 89' lang='lat' dir='ltr'><strong>mille</strong></span> <span class='ocrx_word' id='word_1_803' title='bbox 1194 5389 1324 5441; x_wconf 85' lang='lat' dir='ltr'><strong>sexcenta</strong></span> <span class='ocrx_word' id='word_1_804' title='bbox 1346 5379 1435 5439; x_wconf 89' lang='lat' dir='ltr'><strong>stadia</strong></span> <span class='ocrx_word' id='word_1_805' title='bbox 1456 5376 1627 5452; x_wconf 83' lang='lat' dir='ltr'><strong>occupavit;</strong></span> <span class='ocrx_word' id='word_1_806' title='bbox 1653 5373 1720 5449; x_wconf 88' lang='lat' dir='ltr'><strong>quia</strong></span> <span class='ocrx_word' id='word_1_807' title='bbox 1742 5389 1774 5434; x_wconf 87' lang='lat' dir='ltr'><strong>ea</strong></span> 
     </span>
    </p>
   </div>
   <div class='ocr_carea' id='block_1_16' title="bbox 120 5577 1773 5733">
    <p class='ocr_par' dir='ltr' id='par_1_17' title="bbox 120 5577 1773 5733">
     <span class='ocr_line' id='line_1_75' title="bbox 160 5577 1773 5674; baseline -0.006 -28"><span class='ocrx_word' id='word_1_808' title='bbox 160 5587 222 5674; x_wconf 71' lang='lat' dir='ltr'><strong>(tt)</strong></span> <span class='ocrx_word' id='word_1_809' title='bbox 250 5587 463 5650; x_wconf 83' lang='lat' dir='ltr'><strong>Desiderabatur</strong></span> <span class='ocrx_word' id='word_1_810' title='bbox 485 5588 516 5650; x_wconf 93' lang='lat' dir='ltr'><strong>in</strong></span> <span class='ocrx_word' id='word_1_811' title='bbox 528 5587 619 5664; x_wconf 64' lang='lat' dir='ltr'><strong>edita,</strong></span> <span class='ocrx_word' id='word_1_812' title='bbox 633 5596 659 5647; x_wconf 87' lang='lat' dir='ltr'><strong>et</strong></span> <span class='ocrx_word' id='word_1_813' title='bbox 670 5588 773 5650; x_wconf 75' lang='lat' dir='ltr'><strong>nimae</strong></span> <span class='ocrx_word' id='word_1_814' title='bbox 786 5587 883 5648; x_wconf 77' lang='lat' dir='ltr'><strong>tttos...</strong></span> <span class='ocrx_word' id='word_1_815' title='bbox 900 5589 945 5646; x_wconf 69' lang='grc' dir='ltr'><strong>ειΔ</strong></span> <span class='ocrx_word' id='word_1_816' title='bbox 1012 5585 1071 5670; x_wconf 79' lang='lat' dir='ltr'><strong>(Sd)</strong></span> <span class='ocrx_word' id='word_1_817' title='bbox 1097 5585 1199 5645; x_wconf 88' lang='lat' dir='ltr'><strong>Omnes</strong></span> <span class='ocrx_word' id='word_1_818' title='bbox 1226 5581 1306 5653; x_wconf 77' lang='lat' dir='ltr'><strong>edit,</strong></span> <span class='ocrx_word' id='word_1_819' title='bbox 1335 5577 1452 5640; x_wconf 69' lang='lat' dir='ltr'><strong>umam</strong></span> <span class='ocrx_word' id='word_1_820' title='bbox 1480 5591 1621 5635; x_wconf 83' lang='lat' dir='ltr'><strong>numerum</strong></span> <span class='ocrx_word' id='word_1_821' title='bbox 1644 5589 1773 5660; x_wconf 77' lang='lat' dir='ltr'><strong>sparserat</strong></span> 
     </span>
     <span class='ocr_line' id='line_1_76' title="bbox 120 5653 1719 5733; baseline -0.006 -15"><span class='ocrx_word' id='word_1_822' title='bbox 120 5661 226 5720; x_wconf 69' lang='lat' dir='ltr'><strong>stridor</strong></span> <span class='ocrx_word' id='word_1_823' title='bbox 239 5661 367 5720; x_wconf 66' lang='lat' dir='ltr'><strong>mutium.</strong></span> <span class='ocrx_word' id='word_1_824' title='bbox 975 5665 1111 5733; x_wconf 74' lang='lat' dir='ltr'><strong>spargetur</strong></span> <span class='ocrx_word' id='word_1_825' title='bbox 1118 5676 1129 5726; x_wconf 90' lang='lat'><em>;</em></span> <span class='ocrx_word' id='word_1_826' title='bbox 1143 5671 1239 5716; x_wconf 90' lang='lat' dir='ltr'><strong>omues</strong></span> <span class='ocrx_word' id='word_1_827' title='bbox 1253 5670 1295 5712; x_wconf 90' lang='lat' dir='ltr'><strong>ms</strong></span> <span class='ocrx_word' id='word_1_828' title='bbox 1298 5691 1430 5713; x_wconf 91' lang='grc'><strong>......</strong></span> <span class='ocrx_word' id='word_1_829' title='bbox 1445 5663 1553 5709; x_wconf 76' lang='lat' dir='ltr'><strong>meone</strong></span> <span class='ocrx_word' id='word_1_830' title='bbox 1570 5653 1719 5726; x_wconf 65' lang='lat' dir='ltr'><strong>quantur.</strong></span> 
     </span>
    </p>
   </div>
   <div class='ocr_carea' id='block_1_17' title="bbox 0 0 2027 6164">
    <p class='ocr_par' dir='ltr' id='par_1_18' title="bbox 0 0 2027 6164">
     <span class='ocr_line' id='line_1_77' title="bbox 0 0 2027 6164; baseline 0 0"><span class='ocrx_word' id='word_1_831' title='bbox 0 0 2027 6164; x_wconf 95' lang='lat' dir='ltr'><strong> </strong></span> 
     </span>
    </p>
   </div>
  </div>
 </body>
</html>
