4038 6168
286 235 340 302 938
795 240 843 298 ho
863 240 981 298 OPERA
1001 239 1030 297 S.
1051 233 1218 297 hueuostt
1236 231 1428 296 meremoth.
1578 314 1582 322 r
1839 253 1877 312 935

285 369 348 425 deus
361 369 457 426 arbeae
473 375 509 426 εει
532 369 561 424 ia
580 385 663 426 mare.
685 369 737 424 Per
755 376 877 424 montem
898 384 1026 440 magnum
1042 368 1087 422 lex
1105 369 1234 429 Acecidit
1258 368 1287 423 ia
1315 368 1420 423 tertiora
1443 373 1549 440 porterit
1574 367 1713 438 numinum,
1738 379 1760 427 et
1779 375 1803 430 ia
1822 378 1883 448 sne,

285 459 373 533 Moysi
396 459 564 531 designatur,
589 473 650 530 quae
675 466 786 530 propter
805 458 967 530 gravitatem
983 455 1084 530 ponde·
1139 474 1282 529 aquaram.
1295 457 1346 513 Per
1360 456 1610 514 lluminaetlontes
1622 456 1749 516 duodecim
1759 463 1884 528 trihuscum

285 547 324 604 ris
337 548 379 604 sui
396 545 482 602 monti
498 544 666 602 assimilatur
681 565 688 614 ;
705 555 732 602 et
748 555 859 618 propter
874 546 1025 618 spiritalem
1042 546 1084 602 in·
1138 545 1196 602 suis
1210 545 1324 601 familiis
1338 544 1517 619 designantur
1533 563 1539 601 :
1562 545 1724 617 pertentium
1742 566 1795 608 vero
1807 567 1885 626 partem
1961 615 1962 626 ¹

286 635 478 708 telligentiam,
490 652 551 708 que
566 635 593 690 in
610 635 668 707 lege
682 634 844 706 refulgebat,
859 635 921 708 igne
936 635 1029 692 ardere
1044 635 1084 691 di·
1138 637 1171 706 ii,
1206 638 1254 710 qui
1288 653 1323 694 ex
1359 637 1399 694 cis
1433 638 1468 694 ad
1506 637 1592 694 vitam
1627 645 1743 698 aternam
1770 649 1886 722 prescripti
1961 627 1962 630 ¹

1139 733 1226 795 erant,
1241 725 1405 797 ligurantur.
1422 726 1528 784 Cecidit
1542 743 1607 799 ergo
1621 728 1731 784 stellein
1744 734 1832 790 tertiam
1845 753 1888 808 par·
1962 725 1964 775 ἶ

1139 821 1195 870 tem
1225 813 1383 883 lluminum,
1407 816 1474 888 quia
1495 815 1539 870 illi
1563 813 1710 872 doctrinam
1733 820 1886 892 prophetamm

1140 911 1315 976 acceperunt,
1339 911 1367 960 et
1388 903 1417 959 in
1441 903 1572 962 cordibus
1595 904 1651 961 suis
1670 906 1890 986 plantaucmnt,qni

1141 994 1175 1051 ad
1190 997 1277 1052 vitam
1292 1004 1421 1054 aeternam
1437 995 1623 1069 praedestinati
1635 1007 1716 1055 erant.

1178 1103 1270 1176 (Vere.
1291 1104 1348 1175 ll.)
1372 1107 1410 1160 El
1431 1120 1524 1159 acmen
1548 1105 1629 1160 stelle
1649 1105 1740 1162 dicitur
1759 1108 1890 1167 absinthium.

1141 1195 1321 1251 Absiuthium
1346 1192 1426 1250 valde
1451 1200 1493 1250 est
1519 1210 1641 1251 amarum
1666 1213 1672 1250 :
1696 1213 1740 1268 per
1759 1197 1890 1257 absinthium

1139 1285 1225 1357 igitur
1252 1283 1481 1340 comminationes
1518 1283 1709 1357 prophetarum
1742 1284 1893 1358 designantur,
1966 1338 1967 1362 ,

1140 1388 1207 1444 quas
1231 1371 1333 1446 populo
1357 1372 1484 1444 peccanti
1509 1371 1679 1445 ingerebant,
1699 1375 1851 1445 predicantes
1867 1379 1893 1434 cis
1965 1445 1966 1454 χ

285 724 366 781 citur.
390 724 449 795 lpse
471 739 535 779 vero
553 723 705 780 Hebraicus
719 726 837 797 populus
852 733 963 798 propter
977 723 1084 797 magni-

284 811 409 867 tudinem
424 812 556 868 scelerum
574 827 623 883 per
638 829 711 868 marc
724 813 893 885 designatur.

322 922 414 994 (Vere.
430 924 471 993 9.)
487 924 524 977 Ει
546 922 621 992 sacto
635 930 672 978 est
687 924 765 979 terlio
779 941 846 996 pers
864 925 948 980 mama
966 926 1084 998 sanquis,

284 1019 309 1068 ει
322 1017 428 1067 mortuo
443 1019 480 1066 εει
494 1012 572 1067 lertio
594 1029 658 1083 pars
673 1020 811 1081 creature,
831 1030 888 1084 pere
902 1015 1011 1070 babebat
1027 1015 1085 1070 oni·

284 1119 341 1157 utos
356 1101 385 1156 ic
403 1100 484 1170 mori,
507 1108 531 1157 ει
545 1103 622 1158 terlio
642 1120 709 1174 pars
728 1103 836 1159 aravium
859 1105 970 1160 interiit.
988 1105 1086 1161 Omnis

270 1191 410 1248 ¹remissio
426 1191 455 1246 in
480 1190 538 1263 lege
560 1192 701 1264 sanguinis
728 1193 861 1250 ellusione
881 1202 963 1266 atque
989 1210 1085 1266 asper-

285 1281 362 1338 sione
387 1280 493 1349 liebal;
522 1282 595 1337 unde
617 1289 644 1336 et
665 1283 774 1354 Moyses
796 1283 927 1354 populum
953 1283 1086 1355 sangnine

284 1373 410 1444 aspersit,
425 1372 535 1428 dicens:
560 1373 633 1430 «llic
649 1383 689 1430 est
701 1375 813 1447 sanguis
822 1373 1001 1442 Testamenti,
1012 1372 1085 1447 quod

285 1461 426 1518 mandavit
441 1460 476 1518 ad
490 1479 540 1518 vos
554 1463 627 1519 Deus
640 1464 743 1536 (Eeod.
756 1473 833 1532 εχει,
845 1464 885 1536 8).
902 1489 911 1512 ι
931 1462 1021 1520 Sedet
1035 1465 1086 1518 ta·
1140 1461 1214 1535 quod
1237 1461 1291 1518 nisi
1315 1463 1502 1535 paenitentiam
1529 1467 1603 1526 537
1624 1472 1739 1536 agerent,
1758 1463 1785 1520 in
1804 1467 1893 1537 predam

285 1568 335 1608 ron
346 1559 372 1608 et
386 1551 459 1610 filios
469 1551 537 1625 ejus,
554 1559 584 1608 ut
597 1552 695 1608 mundi
706 1553 879 1609 edicerentur
892 1553 925 1608 ad
934 1552 1086 1609 offerendas
1140 1565 1166 1614 et
1180 1558 1209 1614 in
1222 1559 1410 1632 captivitatem
1426 1559 1552 1617 hostibus
1572 1559 1630 1617 suis
1650 1559 1774 1617 darentur
1786 1579 1792 1628 ;
1809 1569 1831 1617 et
1843 1562 1893 1636 qnod

285 1639 391 1698 hostias
412 1643 479 1710 Deo,
504 1641 576 1697 idem
600 1642 708 1715 Moyses
732 1641 865 1714 sanguine
886 1643 1086 1715 aspersit,nec
1139 1647 1163 1702 si
1184 1664 1235 1706 nec
1253 1647 1294 1704 sic
1316 1648 1491 1721 poeniterent,
1516 1657 1603 1706 morte
1628 1656 1753 1722 perpetua
1764 1648 1895 1706 damnaren—
1966 1721 1967 1728 ἵ

285 1730 346 1788 sine
358 1731 501 1803 sanguinis
514 1729 647 1786 effusione
663 1730 788 1786 remissio
802 1747 860 1786 esse
872 1737 978 1804 poterat
992 1729 1083 1802 (Hehr.
1100 1729 1123 1789 B
1141 1743 1196 1792 tur.
1218 1739 1255 1795 Et
1282 1737 1355 1809 [εειε
1381 1745 1419 1794 εει
1444 1739 1521 1795 tertia
1545 1754 1613 1810 pors
1630 1755 1756 1808 equorum
1781 1740 1805 1794 ia
1828 1741 1896 1795 ulsin-

285 1837 327 1891 ιε,
343 1819 402 1892 ιι).
427 1821 479 1874 Per
500 1820 609 1875 lolliam
634 1835 697 1891 ergo
712 1827 817 1891 partem
833 1819 1085 1894 maris,eleclit1ui
1141 1829 1235 1884 thium.
1259 1827 1304 1885 llli
1327 1828 1539 1885 amaritudinem
1564 1827 1730 1900 paenitentia
1751 1829 1896 1901 percommi-

284 1925 316 1985 eo
340 1915 465 1981 tempore
487 1907 611 1974 fuerunt,
636 1908 833 1980 designantur:
851 1925 900 1980 pet·
923 1909 1084 1980 sanguinem
1141 1917 1266 1973 nationes
1280 1916 1474 1991 prophetarum
1498 1924 1714 1988 assumpserunt,
1731 1917 1897 1990 quossnperins

283 2012 350 2052 uero
364 1996 393 2052 in
409 1997 461 2053 boc
477 1997 536 2054 loco
548 1996 738 2053 remissionem
753 2005 928 2070 peccatorum
942 2014 1087 2070 possumus
1140 2022 1189 2078 per
1215 2005 1325 2062 tertiam
1345 2015 1448 2079 partem
1467 2021 1601 2078 aquarum
1626 2003 1745 2060 diximus
1758 2003 1830 2060 iuuisse
1842 2004 1896 2061 desi-

283 2085 415 2159 accipere.
439 2085 531 2143 Tertia
554 2085 639 2159 igitur
667 2105 729 2161 pars
756 2087 840 2144 uraris
867 2089 896 2144 in
924 2089 1085 2161 sanguinem
1141 2102 1247 2166 gnatos,
1267 2093 1296 2150 id
1318 2102 1369 2163 est,
1384 2093 1475 2150 electi.
1492 2095 1530 2151 El
1543 2093 1624 2149 multi
1642 2093 1899 2148 homincsmorlaisaut

283 2185 438 2243 uersaest3
465 2175 529 2248 quia
549 2176 628 2232 electi
653 2175 700 2249 qui
723 2191 754 2232 eo
770 2185 892 2248 tempore
911 2176 1025 2233 suerunt
1039 2193 1086 2249 per
1140 2186 1171 2242 de
1196 2185 1284 2256 aquis,
1310 2185 1373 2256 quta
1402 2202 1503 2241 amaro
1531 2184 1612 2255 [actia
1640 2189 1708 2240 sant,
1737 2184 1790 2240 lllis
1813 2199 1898 2256 namque

284 2263 503 2320 observationem
520 2263 615 2336 legisa
630 2265 748 2336 peccatis
763 2264 820 2320 suis
840 2263 968 2320 mundari
982 2282 1086 2321 meroe
1139 2272 1294 2329 amaritudo
1322 2272 1490 2346 peanitentiae
1520 2280 1639 2330 mortem
1664 2272 1768 2341 intulit,
1793 2272 1831 2344 qui
1852 2273 1899 2327 salii

286 2359 362 2407 runt.
379 2350 470 2408 Tertia
491 2367 557 2407 vero
574 2367 637 2423 pars
657 2359 799 2421 creaturae,
816 2368 876 2424 quae
891 2351 1008 2409 habebat
1022 2353 1084 2408 ani·
1140 2378 1198 2418 esse
1223 2372 1403 2431 meruerunt;
1430 2364 1532 2420 mortui
1550 2369 1619 2419 sunt
1644 2363 1716 2420 enim
1738 2360 1864 2419 secundum
1881 2359 1898 2414 id

284 2457 343 2496 mas
366 2441 394 2497 in
411 2441 491 2510 mari,
506 2451 534 2498 et
548 2449 656 2497 mortua
679 2441 763 2498 luisse
777 2442 891 2510 dicitur,
906 2442 1029 2498 eauidcm
1045 2444 1084 2498 si·
1139 2451 1214 2525 quod
1238 2451 1304 2507 mali
1328 2459 1416 2521 erant,
1435 2461 1462 2509 et
1485 2453 1622 2509 vixerunt
1645 2449 1789 2509 secundum
1808 2449 1832 2507 id
1850 2446 1900 2522 qued

284 2528 489 2602 gollicationem
504 2529 599 2599 habet,
612 2548 695 2604 quam
710 2538 738 2588 et
753 2531 833 2587 tertia
849 2547 910 2602 pars
925 2532 1010 2588 maris
1023 2549 1085 2606 que
1138 2541 1205 2598 boni
1221 2559 1278 2599 esse
1293 2551 1444 2617 coeperunt.

283 2618 313 2675 in
329 2621 490 2692 sanguinem
506 2638 583 2678 versa
605 2630 653 2678 est,
672 2623 723 2678 Per
736 2638 809 2678 mare
824 2631 925 2692 autem,
944 2623 1014 2680 sicut
1027 2624 1084 2696 jam
1188 2660 1258 2716 Vm
1297 2659 1353 2729 η)
1391 2661 1428 2716 Ε,

283 2708 418 2779 diximus,
434 2710 584 2768 multitudo
608 2719 782 2783 peccatorum
805 2712 980 2785 designatur:
997 2714 1085 2786 pisces
1141 2703 1388 2821 Quartus'angsslus

1459 2665 1573 2730 quartus
1602 2659 1710 2730 amyclas
1741 2655 1796 2711 taho
1827 2651 1901 2708 cecinit.

1411 2748 1552 2806 Christum
1574 2757 1603 2806 et
1618 2747 1753 2822 apostolos
1770 2744 1822 2817 ejus
1833 2741 1900 2814 sigui-

284 2813 351 2855 vero
369 2815 432 2855 cum
446 2798 480 2855 ab
494 2801 573 2872 aquis
586 2799 798 2868 subtrahuntur,
814 2802 920 2858 animas
934 2805 1079 2860 amittunt.
1139 2837 1211 2894 fleat·
1226 2840 1263 2894 Ε,
1273 2855 1399 2911 percussa
1412 2845 1449 2894 m
1463 2839 1540 2893 terh-a
1552 2855 1623 2910 pm
1646 2839 1720 2906 soh-3,
1742 2843 1765 2891 e,
1783 2834 1846 2890 uma
1857 2845 1902 2902 W,

283 2891 372 2946 Electi
388 2891 588 2988 ergoquandiu
600 2892 629 2947 in
645 2894 724 2964 aquis
738 2893 871 2948 viliorum
889 2911 1001 2950 suorum
1016 2912 1084 2951 rer·
1140 2929 1219 2996 lum,
1236 2934 1260 2984 θ,
1280 2929 1358 2984 pem-a
1378 2945 1444 2999 pm
1462 2929 1624 2994 stellarum
1640 2933 1669 2982 m
1686 2927 1851 2982 obscuraretur
1862 2927 1901 2973 pp.

284 2986 391 3046 santur,
413 2996 520 3036 autmas
541 2981 789 3051 marinasbabent‚
810 2990 983 3055 peccatorum
1009 2984 1084 3039 vide·
1140 3016 1177 3072 “a
1202 3033 1269 3088 pm
1296 3034 1397 3087 mm,

296 3066 301 3078 .
471 3069 475 3079 .
517 3068 523 3078 .
1425 3025 1449 3072 et
1476 3017 1529 3072 diei
1554 3034 1611 3072 nort
1640 3017 1733 3072 laceret
1759 3013 1827 3070 lertio
1846 3024 1901 3081 porr,

283 3067 348 3125 hcet
372 3067 492 3124 lenehr's
515 3070 673 3137 ¹¹¹v⁰¹u¹³³3
699 3087 762 3126 cum
789 3087 856 3128 vem
881 3081 929 3128 ³¹¹²
955 3090 1003 3145 ΡΜ
1029 3073 1120 3146 ba-(2
1139 3112 1163 3162 ct
1177 3106 1260 3161 trectis
1274 3106 1407 3162 similiter.
1422 3105 1478 3174 Sol,
1495 3106 1572 3174 luna,
1588 3113 1616 3162 et
1630 3105 1716 3161 stelle
1730 3103 1762 3159 ad
1776 3115 1846 3156 unam
1858 3111 1899 3151 rem

284 3157 428 3230 ptismum,
444 3166 491 3257 aut
506 3158 696 3232 penitentiam
708 3160 741 3216 ab
752 3161 830 3234 aquis
844 3160 977 3218 uitiorum
993 3171 1081 3219 extra·
1137 3197 1295 3269 peronem
1321 3212 1383 3252 nam
1399 3211 1447 3268 per
1460 3194 1546 3251 solem
1575 3193 1695 3267 populus
1708 3193 1857 3255 Judaefflm
1869 3199 1901 3258 pp

282 3243 521 3316 buntur,an1mas
548 3250 680 3321 pristinas
702 3251 780 3324 qnasi
806 3251 948 3321 amittunt,
969 3270 1031 3310 cum
1048 3270 1083 3309 ex
1137 3285 1230 3341 lunam
1255 3301 1321 3342 vero
1344 3286 1497 3357 synagoga,
1512 3299 1562 3356 pe,
1583 3285 1678 3341 stellas
1693 3289 1778 3338 autem
1795 3273 1901 3351 principat

283 3336 364 3392 malis
388 3337 454 3394 boni
476 3337 647 3407 efficiuntur,
669 3342 880 3414 moriunturque
904 3341 1026 3412 diabolo,
1051 3349 1082 3398 ut
1138 3373 1309 3432 sacerdotum
1324 3380 1351 3430 et
1374 3373 1504 3430 Pharisaei
1527 3373 1723 3446 designamur.
1740 3363 1901 3428 Sedsiobsffl.

282 3425 379 3481 vivant
390 3426 456 3482 Deo.
472 3427 564 3484 Tertia
579 3428 664 3500 igitur
678 3445 740 3500 pars
754 3428 872 3501 piscium
889 3429 994 3487 animas
1007 3431 1082 3486 emi·
1136 3463 1272 3520 rationem
1287 3461 1353 3520 solis
1367 3469 1394 3519 et
1414 3462 1486 3518 ,ΠΜ
1508 3468 1597 3535 atque
1619 3461 1759 3518 stellarum
1780 3453 1810 3512 ad
1822 3447 1901 3521 eosqui

282 3524 387 3612 serum?
403 3516 469 3588 ΨΜ
480 3517 560 3614 Qu
576 3517 623 3590 qui
638 3534 670 3573 ⁰⁰
684 3526 809 3590 t⁰¹¹¹p⁰s⁰
826 3518 949 3588 fumum’
966 3536 1014 3592 pes
1025 3520 1081 3577 ⁰b‘
1136 3553 1167 3612 in
1193 3553 1333 3612 Christum
1358 3553 1508 3610 noluerunt
1525 3551 1652 3621 credere,
1675 3545 1814 3607 transferre
1827 3540 1901 3598 solue

281 3611 467 3701 servationem
484 3605 551 3676 legra
566 3605 669 3660 mortui
685 3613 749 3662 sunt
764 3615 885 3677 peccato,
899 3615 926 3663 el
940 3616 1082 3681 coeperunt
1136 3643 1234 3709 rimus,
1249 3642 1317 3700 ordo
1331 3641 1455 3714 superior
1471 3641 1693 3714 perturbabitur·
1710 3635 1831 3710 Superius
1849 3625 1901 3684 enin

282 3705 375 3746 ”vem
395 3691 463 3748 ΒΕΘ·
486 3693 537 3748 per
557 3709 641 3750 ”aves
662 3701 765 3764 ΨΜ
788 3712 848 3768 ‘¹¹¹ae
873 3712 958 3769 ³q¹¹³⁸
981 3697 1032 3753 sub
1052 3715 1080 3756 ⁸⁰
1137 3731 1356 3790 combustionem
1374 3740 1453 3788 terrae
1475 3730 1564 3786 tertiae
1587 3729 1686 3804 partis,
1711 3743 1767 3802 quaa
1781 3720 1826 3779 sub
1842 3721 1901 3774 catil

281 3779 394 3850 babent,
422 3781 533 3856 illisque
556 3784 771 3857 supereminent,
792 3786 929 3859 principes
943 3789 1031 3860 gentis
1046 3789 1080 3846 il·
1135 3820 1209 3878 ,ΠΜ
1227 3821 1310 3894 primi
1324 3820 1412 3893 angeli
1429 3820 1500 3877 sacta
1515 3835 1575 3876 esse
1597 3809 1902 3886 dicitur,00nver310pen

281 3872 338 3929 lius
352 3871 541 3945 designantur.
557 3873 650 3930 Tertia
665 3891 729 3932 vero
746 3892 808 3949 pars
823 3894 883 3951 quae
898 3877 1015 3946 interiit,
1035 3895 1080 3936 eos
1135 3910 1223 3968 term
1239 3911 1324 3983 panis
1346 3909 1430 3967 maris
1452 3909 1481 3964 in
1505 3908 1685 3981 sanguinem,
1700 3921 1759 3979 φη,
1778 3900 1823 3958 sup
1842 3898 1901 3952 cantu

279 3963 404 4037 designat
426 3965 473 4039 qui
490 3983 524 4022 cx
539 3965 579 4022 eis
594 3965 665 4038 justi
686 3967 800 4023 luerunt
811 3963 894 4038 juxta
917 3967 997 4022 illurn
1020 3985 1080 4025 sen·
1133 3999 1207 4056 tubae
1226 3999 1340 4057 secundi
1363 3999 1452 4072 angeli
1475 3998 1549 4054 facta
1573 3997 1661 4054 fuisse
1678 3997 1738 4052 visa
1759 4000 1804 4060 esp,
1818 3997 1901 4045 mmet.

279 4069 339 4110 sum
355 4070 436 4128 quem
459 4055 600 4124 diximus3
617 4073 649 4113 eo
676 4055 749 4130 qnod
764 4056 922 4114 interierint
935 4065 962 4113 et
977 4057 1078 4114 mortui
1133 4090 1239 4147 sionem
1262 4089 1446 4146 nihilominus
1464 4089 1554 4144 terpiae
1573 4087 1663 4161 panis
1683 4098 1807 4160 aquamm
1827 4077 1851 4132 jn
1864 4071 1900 4127 ah

278 4144 335 4201 ”m
349 4153 471 4218 pmw'
486 4155 514 4203 ⁰¹
528 4147 653 4203 merim
666 4147 732 4204 ΠΕΟ·
1132 4179 1279 4249 sinthium,
1294 4196 1354 4252 que
1377 4179 1429 4235 sub
1452 4186 1535 4235 cantu
1556 4177 1634 4234 tubae
1658 4175 1733 4233 tertii
1757 4167 1836 4242 augeli
1852 4163 1902 4219 falli

315 4259 406 4332 (Vere.
425 4261 482 4335 tu.)
499 4264 536 4318 tet
552 4264 644 4319 tertios
657 4263 767 4335 capetus
781 4263 843 4319 tubo
857 4261 955 4329 cecinit,
973 4267 996 4315 el
1009 4261 1078 4316 ceci·
1132 4268 1216 4326 fuisse
1233 4269 1341 4342 legitur,
1364 4270 1392 4326 jn
1413 4270 1513 4327 bonam
1539 4277 1649 4341 partem
1675 4259 1847 4337 accipiendam
1862 4263 1900 4306 esc

277 4348 362 4405 dilde
384 4350 445 4405 celo
467 4353 543 4408 stelle
563 4353 660 4408 ordene
680 4359 804 4422 ιεεᾳεεεε
821 4349 922 4422 [ocula.
945 4349 1075 4406 Eemdem
1131 4357 1413 4427 demonstravimus;
1449 4357 1566 4430 ideoque
1594 4357 1631 4412 ad
1665 4357 1765 4412 electos
1787 4344 1900 4422 pertinere.
1970 4411 1971 4414 Ἴ

278 4437 510 4508 significationem
534 4440 616 4499 habet
638 4442 717 4499 stella
738 4458 820 4515 qnam
844 4448 871 4496 et
889 4440 1017 4511 angelum
1038 4439 1305 4520 si·DConsequens
1330 4456 1370 4504 est
1398 4455 1429 4504 ut
1454 4445 1678 4520 persecutionem
1708 4441 1773 4500 20th
1795 4445 1819 4493 et
1851 4432 1900 4485 lune
1970 4463 1971 4516 3

218 4563 225 4568 -
278 4525 391 4598 gnificat
406 4543 525 4600 namque
542 4529 708 4602 propbetas:
736 4529 782 4586 sed
803 4528 980 4602 querendum
997 4528 1077 4584 nobis

278 4622 330 4682 est,
346 4615 485 4688 quomodo
504 4616 538 4674 de
558 4618 628 4674 coelo
643 4619 672 4674 in
691 4626 791 4675 terram
808 4618 938 4675 cecidisse
956 4617 1074 4674 dicatur.

277 4707 368 4766 Sancti
384 4709 414 4766 in
439 4709 539 4767 ooelum
557 4712 761 4785 quodammodo
785 4712 985 4782 conscendunt,
1010 4730 1074 4771 cum

277 4815 323 4858 eos
338 4819 415 4858 amor
426 4802 539 4861 diuinus
557 4804 591 4860 ad
611 4805 731 4862 caelestia
745 4807 955 4879 contemplanda
966 4807 1070 4864 eleuat:

276 4891 379 4949 cadum
393 4892 422 4948 in
443 4900 554 4962 terram,
582 4911 644 4950 cum
662 4911 708 4951 cos
730 4912 808 4952 amor
830 4897 1020 4970 proximorum
1040 4896 1074 4952 ad

275 4981 332 5039 ima
345 4983 461 5040 retrahit
472 5002 480 5052 ;
495 4992 524 5040 ut
536 4984 728 5057 praedicatione
741 5002 789 5042 sua
804 4993 946 5059 peccantes
959 4986 1072 5043 auxitan

276 5070 404 5128 veritatis
418 5071 575 5141 reducant;
600 5072 690 5130 iacula
709 5091 774 5131 vcro
793 5074 962 5144 accenditur,
982 5082 1012 5131 ut
1027 5083 1073 5132 te-

274 5161 373 5218 nebras
398 5163 488 5221 noctis
507 5164 634 5237 depellat.
660 5165 751 5222 Verba
773 5166 858 5239 igitur
877 5165 1072 5239 prophetarum

219 5247 227 5252 “
273 5250 372 5309 facule
388 5252 511 5322 luerunt,
534 5254 601 5327 quia
622 5255 750 5312 tenebras
767 5265 941 5328 peccatorum
963 5271 979 5311 a
998 5271 1073 5311 men-

274 5340 349 5399 tibus
377 5341 523 5399 bominum
542 5346 719 5417 fugaverunt.
748 5344 897 5402 Possumus
917 5345 1000 5400 etiam
1024 5361 1072 5418 per

273 5429 364 5504 ignem
381 5433 478 5491 faculae
493 5434 627 5506 Spiritum
642 5443 767 5492 sanctum
785 5436 948 5508 intelligere,
964 5452 1019 5509 qno
1030 5435 1070 5490 in-

273 5521 395 5580 demnati
411 5525 562 5598 prophetae,
583 5533 610 5582 et
629 5528 733 5584 multos
747 5525 780 5582 ah
796 5523 989 5598 iniquitatibus
1007 5542 1071 5583 cor·

275 5617 414 5680 rexerunt,
433 5619 461 5668 et
485 5629 546 5686 quae
564 5623 681 5673 ventura
701 5622 790 5684 erant,
811 5613 1007 5688 predixerunt,
1034 5615 1071 5672 Et

1131 4547 1212 4612 alque
1236 4540 1378 4596 stellarum
1398 4538 1427 4593 in
1449 4536 1548 4593 bonam
1576 4544 1686 4609 partem
1712 4530 1899 4614 interpretemini·
1970 4527 1971 4540 ¹

1130 4627 1182 4683 Per
1200 4629 1306 4684 tertiam
1327 4627 1420 4700 itaque
1436 4636 1540 4700 partem
1566 4627 1647 4694 solis,
1673 4640 1734 4697 quae
1754 4601 1899 4704 percussatd
1970 4641 1971 4698 ε

1129 4723 1180 4786 εει,
1203 4717 1349 4774 obscurata
1367 4724 1416 4784 est,
1443 4715 1462 4771 ii
1482 4715 1529 4788 qui
1554 4731 1591 4770 ex
1614 4713 1720 4786 populo
1735 4707 1869 4766 iudeorum
1880 4707 1900 4748 ¹ss
1970 4707 1971 4720 ¹

1129 4806 1269 4866 Christum
1288 4806 1476 4874 crediderunt,
1491 4803 1699 4876 designantem
1715 4792 1841 4857 obscurati
1854 4789 1900 4842 suut

1128 4913 1247 4971 namque
1265 4896 1360 4968 impiis
1382 4895 1493 4962 iudeis,
1516 4893 1565 4949 sed
1592 4891 1763 4949 refulserunt
1777 4886 1802 4942 in
1815 4885 1899 4946 conspi-

1128 4996 1174 5044 ctu
1187 4986 1247 5042 Dei.
1263 4984 1397 5041 Similiter
1417 4989 1444 5039 el
1458 4999 1506 5055 per
1526 4981 1644 5037 tertiam
1669 4986 1770 5052 partem
1793 4974 1854 5029 luna
1872 4967 1899 5059 tl·

1127 5092 1180 5148 que
1200 5076 1342 5132 stellarum
1366 5089 1425 5147 quae
1448 5071 1596 5128 obscurata
1620 5077 1673 5139 est,
1690 5068 1710 5124 ii
1725 5064 1772 5140 qui
1783 5077 1814 5118 es
1827 5051 1899 5155 alell·

1126 5163 1272 5238 synagogis
1296 5172 1377 5237 atque
1406 5159 1599 5219 sacerdotibus
1621 5167 1650 5216 et
1672 5175 1707 5215 ex
1736 5151 1865 5240 Pharisaeus
1878 5153 1898 5232 ¹¹.¹

1126 5253 1268 5312 Christum
1291 5252 1478 5319 crediderunt,
1501 5249 1688 5321 designantur
1711 5263 1719 5314 ;
1742 5241 1802 5318 quia
1819 5244 1841 5292 et
1859 5242 1897 5301 ¹l⁵¹

1125 5351 1236 5417 propter
1258 5342 1352 5397 lumen
1366 5357 1474 5410 uerum,
1490 5337 1589 5407 idest,
1607 5338 1760 5402 Christum,
1773 5339 1842 5425 quefss
1855 5331 1897 5392 per·
1970 5345 1971 5348 ’

1125 5439 1266 5506 εερεεεει,
1284 5430 1422 5488 obscurati
1443 5437 1507 5487 susat
1528 5427 1583 5498 eis,
1606 5441 1726 5502 quornm
1750 5419 1896 5476 montisest-
1970 5433 1971 5438 ¹

1124 5523 1166 5582 los
1186 5522 1313 5580 diabolus
1336 5521 1528 5586 obcaecaverat,
1555 5535 1593 5574 ne
1622 5519 1652 5574 in
1676 5513 1807 5574 Christum
1825 5495 1896 5557 crede

1125 5620 1204 5682 rent;
1229 5629 1291 5670 nam
1307 5611 1417 5670 claritas
1438 5609 1505 5668 solis
1527 5603 1685 5680 lippientes
1699 5587 1895 5660 oculosobctttlt
