4082 6176
248 295 303 356 ott
744 295 793 350 AD
810 290 928 350 OPERA
946 289 973 348 S.
994 284 1161 347 anenosll
1180 282 1370 343 APPENDIX.
1634 293 1637 300 ’
1842 280 1891 340 dib

248 421 271 477 si
288 420 458 478 subtraxeris
470 427 532 478 octo
546 417 705 476 Dominicos
717 417 788 484 dies,
812 425 838 473 et
852 426 914 475 octo
928 416 1039 490 quintas
1058 417 1193 476 Asuccos
1206 409 1375 467 infunderet.
1399 409 1460 467 Non
1482 407 1585 464 mirum
1600 413 1652 477 est,
1677 405 1700 462 si
1727 405 1751 462 is
1774 415 1892 466 arentem

247 509 343 578 ferias,
365 509 546 583 quadraginta
563 506 622 564 dies
638 505 812 563 solummodo
834 514 977 562 remanent
997 504 1044 578 Je-
1097 499 1234 575 reparavit
1251 501 1404 570 dexteram,
1429 497 1476 573 qui
1492 505 1533 554 tot
1547 513 1664 570 corpora
1679 495 1739 570 (58)
1764 495 1799 553 de
1810 499 1894 555 arenti

246 597 330 670 junii.
359 598 563 671 septuagesima
577 612 654 662 vero,
678 611 694 651 a
716 611 771 668 qua
785 608 871 668 usqne
894 595 924 650 in
942 593 1045 666 pascha
1099 593 1211 664 pulvera
1225 589 1390 663 procreavit,
1415 596 1442 644 et
1467 585 1495 644 id
1519 585 1597 644 verbi
1623 585 1740 660 imperio
1764 585 1893 658 restitnit,

247 696 313 744 sunt
331 703 431 744 novem
446 687 615 760 septimanas,
636 683 728 754 idest,
752 685 895 757 sexaginta
911 692 967 740 tres
983 681 1042 756 (56)
1098 681 1172 755 quod
1204 679 1234 736 in
1262 679 1398 752 principio
1426 678 1531 736 iactura
1560 675 1730 750 operationis
1759 675 1893 734 instituit:

247 773 327 843 dies;
349 775 411 832 ideo
424 775 458 832 ab
475 774 615 848 aliquibus
629 773 793 842 celebratur,
816 773 915 847 quiesi
931 772 1045 830 subtra-
1099 773 1176 828 velut
1190 778 1329 828 auctorem
1345 787 1424 827 suum
1439 771 1545 842 plasma
1562 784 1740 840 cognosceus,
1765 765 1896 840 obsequi-

248 865 322 920 xeris
336 880 437 920 novem
451 863 513 920 dies
526 862 688 920 Dominicos
703 869 815 935 propter
829 861 941 919 Domini
956 877 1044 917 resur·
1100 870 1145 918 tnr
1159 861 1185 917 ei
1199 862 1385 934 portiuncula,
1409 860 1454 918 cui
1468 867 1559 917 totum
1574 876 1602 916 se
1615 859 1729 916 deberet
1755 857 1784 914 in
1799 873 1894 915 massa.

2012 320 2017 333 ι
2028 321 2031 330 ι

248 953 409 1022 rectionem,
435 960 463 1008 ot
490 968 590 1009 novem
612 953 724 1026 quintas
747 951 828 1008 ferias
850 959 960 1024 propter
985 953 1047 1007 Do-
1135 955 1162 1012 2.
1182 953 1234 1012 Sed
1257 954 1400 1011 videamus
1429 969 1490 1027 qnae
1518 953 1554 1009 sit
1576 952 1605 1007 iu
1635 951 1779 1024 Synagoga
1802 966 1897 1006 manus
2007 926 2012 975 ἔ

247 1041 377 1098 mininam
390 1058 507 1111 emnam,
532 1051 559 1100 et
573 1041 689 1098 totidem
704 1041 831 1112 Sabbata,
851 1059 886 1099 ne
902 1041 1046 1099 videamur
1099 1043 1186 1113 arida,
1211 1059 1271 1117 quae
1285 1044 1355 1099 nibil
1374 1043 1483 1116 corpori
1498 1043 1619 1115 prodest,
1641 1040 1752 1116 qnando
1770 1041 1898 1114 operibus

247 1129 414 1187 sabbatizare
436 1147 498 1188 cnm
514 1129 634 1200 Judaeis;
659 1147 716 1188 non
739 1131 859 1203 amplius
881 1145 962 1204 quam
989 1130 1046 1186 tri·
1100 1133 1230 1191 siccavit:
1248 1134 1358 1207 quando
1373 1133 1455 1189 etiam
1475 1132 1595 1205 primum
1610 1131 1689 1187 arida
1702 1147 1761 1188 esse
1775 1130 1896 1203 caperit,

248 1223 323 1296 ginta
347 1239 395 1278 sex
423 1220 482 1278 dies
508 1229 653 1280 remanent
679 1221 715 1278 ad
743 1219 946 1294 jejunandum:
977 1237 1045 1294 quos
1100 1223 1293 1296 requiramns;
1323 1222 1469 1279 nonenim
1490 1220 1897 1293 uniusboministantnmper
2001 1280 2005 1291 ,

248 1310 324 1367 omni
340 1311 486 1369 devotione
504 1313 562 1384 ipse
577 1327 628 1368 nos
641 1311 789 1368 observare
812 1309 944 1368 concedat
959 1309 1046 1367 Cbri-
1100 1312 1269 1370 Salvatorem
1285 1327 1366 1369 causa
1381 1312 1495 1384 geritur,
1512 1327 1564 1367 nec
1578 1308 1798 1366 uniushominis
1816 1309 1896 1366 imbe
2000 1302 2005 1319 '

248 1405 307 1458 stus
321 1401 456 1459 Dominus
470 1408 574 1470 noster,
598 1400 646 1473 qui
660 1399 732 1457 vivit
746 1409 774 1458 et
788 1407 883 1473 regnat
903 1415 967 1458 cum
988 1401 1046 1457 Deo
1099 1401 1202 1458 cillitas
1217 1407 1390 1475 procuratur,
1406 1401 1454 1458 sed
1467 1400 1553 1456 totius
1569 1399 1675 1472 generis
1691 1399 1807 1456 bumaui
1823 1415 1896 1456 sana·

247 1495 326 1553 Patre
347 1494 376 1550 in
390 1489 497 1550 unitate
517 1488 637 1562 Spiritus
659 1487 750 1547 sancti
769 1489 853 1559 Deus,
877 1503 926 1561 per
947 1494 1046 1546 cuncta
1100 1498 1145 1547 tur
1173 1489 1330 1546 infirmitas.
1370 1489 1446 1546 Nulli
1473 1497 1563 1544 antem
1592 1487 1709 1545 dubium
1737 1495 1780 1544 est
1804 1488 1896 1545 dexta-

247 1582 356 1653 saecule,
370 1595 461 1638 amen.
1100 1595 1158 1636 rnrn
1183 1580 1227 1636 uel
1251 1577 1338 1635 totius
1363 1577 1487 1651 corporis
1514 1576 1715 1651 praeclariorem
1744 1578 1896 1652 portionem

491 1717 536 1776 41
544 1717 562 1774 1
584 1709 701 1769 SERMO
721 1709 787 1769 XVI
1052 1737 1057 1744 ι
1099 1667 1153 1724 boc
1167 1667 1250 1724 officii
1265 1683 1375 1740 gersre;
1402 1673 1434 1723 ut
1447 1666 1547 1724 diurna
1562 1667 1694 1723 alimenta
1716 1682 1767 1724 sno
1790 1668 1896 1742 corpori

290 1820 343 1880 Ubi
357 1817 625 1879 DominusSabbato
637 1832 751 1874 manum
765 1815 870 1874 aridam
886 1816 994 1874 curavit
1058 1758 1301 1831 Esubministret'
1325 1765 1353 1814 Εἰ
1373 1757 1547 1832 provmenfia
1562 1755 1680 1856 (Imm.
1700 1756 1737 1814 ad
1753 1757 1895 1816 mmm

997 1859 1003 1873 ·
1099 1847 1186 1904 vitam
1202 1846 1325 1904 membra
1338 1855 1437 1904 caetera
1449 1853 1542 1920 pascat
1557 1862 1589 1903 ac
1604 1852 1720 1902 nutriat.

248 1928 363 1990 Romani
377 1927 488 1983 editores
501 1923 732 2053 pnndrnssenmnm
746 1923 892 1983 Mediolani
914 1940 968 1978 non
983 1923 1045 1978 inci·
1070 1993 1073 2001 .
1135 1937 1162 1993 3,
1183 1937 1260 1994 Hanc
1275 1936 1360 2009 igitur
1373 1936 1513 1994 dexteram
1529 1937 1559 1992 jn
1572 1936 1689 1994 Judaioo
1702 1935 1806 2010 populo
1823 1937 1893 1993 κη.

281 1996 589 2139 }ffinffiffiasfflz
609 1995 1046 2140 fissgssfflssfflssoessffiffi
1100 2025 1148 2084 bas
1162 2043 1219 2084 esse
1233 2026 1366 2098 dixerim,
1378 2027 1422 2082 vel
1436 2024 1572 2094 doctores,
1585 2025 1633 2097 qui
1648 2025 1727 2082 velut
1741 2025 1894 2096 preclarior

284 2142 442 2199 conmanere
456 2141 667 2204 constitnernnt;
688 2153 720 2194 nc
730 2143 872 2210 propterca
887 2137 943 2208 nnc
963 2137 1046 2209 capiti
1100 2115 1190 2188 P⁰¹ii⁰
1205 2115 1235 2171 5¹¹
1250 2115 1451 2172 Phasissaelifflm
1461 2129 1575 2187 ⁰⁰fll⁰¹0
1585 2113 1730 2169 ³D⁰mi¹¹⁰
1741 2113 1893 2184 minuti»

286 2215 389 2286 longam
415 2211 537 2268 brintam
557 2215 756 2284 promeneruat
764 2211 873 2336 param
894 2226 907 2264 e
928 2227 1047 2266 emmone
1100 2205 1321 2276 neglexeruntet
1337 2203 1366 2259 in
1380 2210 1480 2260 caetera
1494 2201 1618 2259 membra
1638 2218 1688 2258 sua
1702 2199 1893 2274 prophetarum

285 2284 356 2341 5314
376 2283 593 2355 Pilia-diffie
607 2282 754 2354 Pariimw
790 2281 902 2336 ''limi‘'
916 2281 961 2338 lib·
978 2298 998 2337 ¹¹
1012 2280 1046 2336 di
1100 2293 1211 2350 oracula
1224 2293 1301 2352 velut
1316 2309 1405 2350 escam
1420 2293 1485 2351 vitm
1503 2301 1612 2350 aeterne
1633 2292 1791 2365 porrigere:
1817 2300 1894 2366 atqua

283 2301 434 2438 magam’
450 2371 508 2426 αφ’
531 2355 559 2435 β’
581 2369 655 2409 'mm‘
673 2351 719 2434 ‘3²'
743 2359 965 2435 wammam·
996 2352 1047 2433 ⁸⁶4
1100 2385 1162 2442 ideo
1176 2381 1303 2440 doctrina
1316 2399 1412 2440 eorum
1433 2390 1564 2456 unquam
1589 2397 1687 2438 manus
1709 2381 1783 2438 aruit
1806 2380 1894 2438 imbe-

284 2443 307 2483 ιι
336 2441 394 2482 anns
416 2425 558 2481 Ambrosio
583 2425 631 2480 boc
658 2441 703 2480 can
725 2425 859 2479 cendwala
870 2441 953 2550 posse
974 2425 1045 2478 urbs-

285 2497 350 2554 trnti
364 2497 514 2564 suntnihil
527 2496 869 2552 obsnrdins.Nosiilnma
902 2496 981 2568 pidem
995 2502 1044 2551 oet.
1099 2471 1265 2546 Oillissilllfii
1279 2471 1383 2528 f⁰¹¹i⁰ffl
1395 2472 1742 2546 Peienfliffll’iffliiaefflfl
1755 2471 1891 2544 milli·

284 2569 345 2625 edit.
366 2585 398 2624 ne
412 2583 475 2624 mss.
502 2568 573 2624 Gall.
599 2573 624 2622 et
637 2567 721 2638 and.
746 2567 927 2622 restituimus:
951 2571 980 2622 αι
993 2583 1045 2648 pro
1100 2563 1245 2634 Propterea
1266 2560 1386 2634 deniqne
1408 2560 1512 2619 iactum
1534 2567 1586 2626 est,
1613 2567 1644 2616 ιιι
1663 2560 1742 2633 quasi
1757 2565 1893 2617 contracta

283 2640 461 2722 imiimi?
475 2655 529 2693 mm
543 2638 787 2707 ⁰⁶²Wdim²i³2⁰¹⁴m
800 2639 916 2694 timim
925 2639 1046 2699 Maximi>
1100 2652 1212 2709 dextera
1235 2651 1340 2707 clavem
1362 2650 1484 2708 scientias
1508 2656 1600 2706 tenere
1623 2664 1679 2704 non
1703 2656 1802 2721 posset,
1828 2649 1894 2706 siem

277 2717 379 2782 imm
392 2709 523 2767 mmm
542 2711 614 2766 Gau·
630 2709 721 2767 mm·
1100 2741 1139 2796 ait
1152 2739 1305 2797 Dominus:
1340 2738 1412 2797 ·Vae
1426 2738 1516 2810 vobis,
1532 2737 1633 2797 Scriba
1648 2745 1676 2794 et
1690 2737 1835 2807 Pbarisni,
1850 2737 1894 2812 qui

283 2842 308 2898 l.
330 2839 493 2912 Diligenter,
522 2839 620 2896 iratres
650 2839 721 2913 (57),
745 2855 796 2897 uos
820 2840 929 2898 audisse
951 2837 1045 2911 credo,
1100 2829 1269 2888 absconditis
1292 2830 1397 2886 clavem
1421 2828 1553 2897 Silentia,
1578 2837 1605 2886 ei
1620 2828 1728 2902 leliqua
1752 2827 1830 2901 (ῙΜ
1856 2843 1893 2896 ¹1,

247 2927 433 3001 evangelicam
452 2925 598 2983 lectionem
614 2944 675 3001 qnae
690 2943 777 3000 nuper
792 2927 1045 2998 lectaest,ubiDo·
1100 2919 1185 2993 52).r
1225 2919 1289 2976 Haet
1312 2926 1403 2975 autem
1428 2917 1517 2974 clavis
1539 2916 1665 2976 Christus
1688 2924 1730 2974 eat
1751 2915 1893 2985 Dominus,

247 3016 339 3072 minus
362 3016 439 3072 lesus
467 3013 593 3072 Christus
620 3014 759 3088 ingressus
781 3016 900 3075 sabbato
924 3017 1044 3090 synago
1101 3026 1156 3084 quo
1170 3009 1409 3068 adcredulitatem
1421 3007 1485 3066 fidei
1495 3016 1638 3082 pectorum
1647 3021 1747 3065 arcana
1757 3005 1894 3080 (bibracte
2001 3050 2006 3063 .

247 3119 318 3178 gam,
343 3102 466 3160 bominis
480 3103 520 3160 ibi
536 3102 664 3160 habentis
678 3121 790 3161 manum
808 3105 912 3162 aridam
926 3105 1045 3179 spiritali
1059 3131 1082 3194 G
1100 3101 1274 3160 rantur.1sta
1288 3101 1386 3171 clavis,
1400 3101 1471 3161 sicut
1485 3101 1524 3157 ait
1538 3101 1674 3158 Dominus
1687 3102 1786 3158 Petro:
1810 3121 1819 3146 ·
1835 3099 1895 3156 'l'ibi

246 3191 383 3249 medicina
397 3192 515 3262 curavit,
539 3207 598 3249 non
616 3194 748 3268 appositis
772 3194 919 3252 herbarum
941 3195 1041 3265 succis,
1099 3189 1170 3248 dabo
1185 3192 1276 3248 claves
1289 3191 1366 3264 regni
1381 3191 1514 3248 coelorum
1532 3191 1638 3262 (Μαιιιι.
1655 3208 1715 3260 xm,
1727 3189 1808 3261 lot.»
1826 3187 1895 3262 Ergo

246 3299 303 3340 non
327 3281 531 3356 pigmentorum
557 3281 788 3340 medicaminibus
812 3283 966 3356 colligetis:
996 3282 1043 3341 sed
1097 3281 1188 3353 arguit
1199 3281 1313 3338 dextera
1326 3279 1475 3354 Synagogae
1496 3295 1604 3349 manus,
1629 3278 1789 3354 relinquens
1811 3275 1895 3335 Chri·
2004 3290 2008 3305 ·

239 3372 331 3442 ¹*serbo
346 3369 456 3444 jubens,
485 3380 513 3429 et
527 3371 557 3428 in
572 3371 613 3429 ira
627 3373 790 3446 precipiens
814 3372 918 3432 refudit
933 3369 1044 3447 c'orpori
1099 3375 1192 3425 stum:
1217 3384 1278 3440 quas
1298 3365 1376 3440 prius
1399 3373 1456 3422 erat
1481 3367 1509 3422 in
1535 3366 1705 3440 principibus
1727 3366 1892 3432 ludaeorum,

245 3461 391 3520 sanitatem
417 3461 549 3533 (an.v1,
571 3461 659 3533 iilo).
685 3463 739 3530 lra,
765 3461 889 3534 inquam,
914 3463 987 3520 sicut
1005 3463 1044 3518 ait
1099 3456 1296 3526 deterioravit;
1318 3456 1443 3530 quisquis
1458 3455 1531 3513 enim
1547 3455 1651 3515 Christi
1665 3456 1770 3514 iontem
1785 3454 1893 3522 deserit,

246 3550 422 3622 evangelista,
439 3547 561 3606 restitnit
578 3549 702 3621 vigorem
716 3547 847 3607 dexterae.
863 3550 942 3607 Unde
957 3550 1045 3607 intel·
1099 3544 1262 3604 debilitatur
1276 3546 1402 3619 protinus
1416 3554 1443 3603 et
1458 3545 1565 3603 arescit.

246 3638 358 3713 ligimus
379 3639 469 3712 qualis
489 3638 641 3696 Dominice
662 3637 842 3712 benignitatis
865 3641 903 3697 sit
929 3642 1042 3712 sanitas,
1135 3642 1161 3700 i.
1183 3644 1235 3700 Sed
1249 3645 1362 3701 invenio
1381 3643 1468 3718 ipsam
1491 3659 1604 3700 manum
1625 3641 1764 3715 quondam
1787 3641 1890 3700 ceteris

246 3728 326 3801 cujus
341 3725 541 3798 indignationis
554 3725 618 3782 talis
632 3732 673 3782 est
690 3726 829 3784 medicina
840 3747 846 3785 1
858 3736 905 3785 ant
916 3731 1044 3804 quemad·
1099 3732 1231 3790 membris
1245 3732 1329 3790 inisse
1341 3732 1483 3789 meliorem
1495 3751 1502 3800 ;
1514 3738 1627 3790 sauctus
1636 3731 1711 3788 enim
1721 3731 1890 3804 Moysesdux

247 3817 361 3875 modum
375 3815 498 3888 placatus
511 3813 631 3888 prodest,
656 3815 703 3889 qui
727 3817 766 3875 ita
784 3819 933 3877 miseratur
946 3820 1041 3879 iratus.
1099 3820 1207 3878 ludaici
1223 3822 1328 3896 populi,
1353 3823 1430 3879 velut
1448 3821 1549 3879 clarior
1571 3820 1693 3894 corporis
1715 3820 1760 3878 aui
1783 3820 1890 3878 dexnn
1991 3814 1992 3818 ’

246 3905 340 3969 Verbo
367 3904 453 3978 igitur
478 3905 569 3980 jubet,
593 3912 624 3962 ut
652 3906 740 3963 arenti
767 3906 888 3966 deuteras
911 3925 1044 3968 venarum
1099 3910 1164 3982 luit,
1175 3928 1239 3969 cum
1250 3913 1335 3984 legem
1347 3910 1537 3985 porrigendam
1545 3908 1828 3968 meruitadivinitate
1836 3924 1889 3982 per·
1978 3970 1982 4005 :

285 4067 345 4142 (56)
365 4065 451 4150 iidem
466 4065 547 4126 codd.
561 4067 661 4128 Ambr.
678 4075 706 4126 et
719 4069 796 4142 ling,
812 4069 842 4128 id
854 4075 894 4127 est
906 4073 1045 4144 sexaginta
1099 4073 1221 4155 bonores,
1236 4073 1265 4127 in
1276 4074 1410 4155 meliorem
1423 4077 1526 4144 portem
1540 4071 1689 4154 constitnit:
1704 4071 1890 4154 prodocuere

248 4148 365 4215 quotuor
378 4139 442 4196 dces.
1098 4151 1221 4200 nertntem
1236 4161 1342 4212 animes,
1364 4151 1389 4198 et
1410 4145 1620 4199 immortulitatis
1639 4144 1817 4215 adipiscendae
1830 4157 1891 4214 pro·

285 4213 344 4287 (57)
365 4211 444 4269 Rom.
461 4209 548 4268 edit:
573 4209 610 4268 Te
630 4217 721 4268 antem
745 4211 864 4270 iaciente
885 4215 1045 4289 eleemosy-
1101 4215 1479 4287 tiompn·oeponit.bongitndo
1493 4215 1562 4270 enim
1576 4215 1640 4272 vitae
1655 4215 1685 4271 in
1700 4215 1813 4272 dextma
1826 4212 1893 4284 ejus.
1985 4218 1993 4301 'p

247 4298 335 4365 nam,
346 4283 450 4340 nesciat
464 4282 577 4339 sinistra
591 4288 649 4352 tua,
672 4281 740 4356 quid
755 4283 836 4341 iaciat
861 4285 975 4342 dextera
987 4294 1043 4344 tua.
1100 4288 1216 4358 Denique
1241 4287 1305 4358 qnia
1325 4287 1503 4343 dentercinc
1521 4286 1668 4342 innomine
1689 4284 1751 4355 inm
1775 4289 1896 4350 ommni,

253 4356 359 4423 Videtis,
383 4353 494 4434 (enirn,
522 4371 603 4425 gnane
624 4357 752 4411 moralem
772 4355 892 4426 jndicem
917 4358 1044 4414 babeatis.
1100 4358 1199 4414 idcirco
1213 4359 1341 4414 Dominus
1354 4359 1429 4415 Jesns
1444 4357 1609 4430 Synapopnm
1622 4358 1736 4414 Soibnto
1753 4357 1896 4430 temnens,

188 4471 192 4478 .
252 4427 301 4486 Vos
316 4426 430 4480 conrnltt
444 4426 574 4495 quomodo
594 4443 661 4497 opus
681 4433 797 4484 vesonam
811 4428 947 4500 suscipiat,
970 4447 1047 4484 men-
1100 4430 1214 4484 bominis
1236 4430 1274 4486 ibi
1296 4430 1413 4486 babeatis
1435 4445 1542 4484 mannm
1563 4429 1699 4484 decoram
1720 4429 1836 4496 aridam,
1868 4428 1901 4479 nt

248 4503 297 4553 tem
312 4496 516 4620 nestramgsins
530 4496 692 4568 interrogat:
710 4499 829 4567 Nesciat,
856 4500 953 4570 inquit,
975 4501 1045 4556 sini·
1059 4491 1084 4551 D
1099 4501 1170 4558 alins
1184 4507 1282 4558 norrot
1299 4502 1473 4572 evangelista,
1492 4499 1611 4570 spiritali
1633 4501 1764 4556 nenena
1782 4496 1899 4562 curavit,

247 4576 304 4625 stra
317 4574 375 4636 tua,
387 4582 442 4648 qm¹
467 4564 551 4623 iaciat
564 4564 677 4648 dextera
688 4576 744 4625 tua.
757 4570 1043 4642 Diligenternttendite,
1099 4573 1136 4627 sic
1150 4573 1218 4628 enim
1233 4573 1324 4628 babet:
1339 4574 1452 4630 Factum
1467 4579 1508 4628 est
1528 4578 1620 4627 autem
1644 4579 1671 4627 et
1695 4571 1723 4626 in
1748 4571 1805 4627 alio
1824 4567 1905 4625 Sab-

246 4640 359 4720 frntres,
387 4644 410 4693 et
432 4637 591 4720 intellectam
618 4639 715 4694 devince
745 4640 889 4713 scripturn
912 4643 1046 4700 humiliter
1099 4642 1174 4714 bato,
1188 4653 1219 4701 ut
1234 4642 1354 4702 intraret.
1362 4644 1391 4700 in
1407 4643 1588 4715 synagogam,
1606 4650 1633 4699 et
1647 4642 1779 4700 doceret:
1796 4651 1822 4698 et
1837 4643 1907 4696 erat

248 4717 272 4766 et
286 4716 419 4791 sapienter
432 4715 569 4790 regnante.
580 4709 649 4792 Nan
663 4726 722 4792 cnm
737 4711 858 4779 desiero,
868 4715 909 4769 nei
923 4714 1044 4784 sinistra,
1099 4712 1140 4772 ibi
1154 4716 1247 4784 bomo,
1264 4722 1290 4770 et
1306 4731 1402 4771 manns
1417 4715 1476 4786 ejus
1489 4713 1603 4770 dextera
1618 4723 1676 4770 erat
1689 4713 1777 4769 arida.
1795 4713 1906 4770 Obser-

248 4797 370 4854 corporat
384 4797 487 4852 organo
501 4789 563 4849 sent,
587 4786 702 4837 rationes
715 4785 846 4855 expertia,
861 4785 928 4841 scire
941 4786 1046 4856 aliquid
1099 4785 1198 4842 cabant
1210 4793 1297 4841 annm
1311 4787 1402 4842 scribo
1416 4793 1440 4840 et
1451 4785 1580 4856 placrisoei
1600 4785 1625 4839 si
1647 4787 1674 4840 in
1690 4785 1803 4840 Solibntc
1820 4798 1906 4838 onra-

247 4855 288 4909 nel
302 4853 428 4934 ignorare
442 4852 478 4906 eis
492 4869 546 4906 non
561 4869 616 4934 com
636 4853 696 4910 etit:
712 4871 765 4910 non
778 4873 838 4928 erpo
852 4873 922 4912 nnnc
940 4857 971 4912 de
984 4875 1045 4912 cor·
1099 4863 1149 4924 ret,
1173 4863 1203 4911 nt
1225 4857 1371 4913 investirent
1392 4858 1460 4913 rande
1480 4863 1635 4912 nconsnrent
1655 4872 1734 4921 snm,·
1758 4856 1814 4938 ipse
1833 4867 1906 4908 vern

244 4939 311 5007 pore
326 4925 454 4994 ioqnatnr.
471 4923 601 4981 Vernnnan
641 4931 721 4981 ctera
732 4927 782 4982 Dei
791 4944 868 4983 annor
876 4928 961 4984 intelli
979 4929 1043 4997 dnn,
1099 4927 1196 4983 smebol
1209 4930 1377 5000 cogitationes
1391 4929 1537 4984 eornmb't
1551 4927 1591 4982 ait
1605 4927 1774 5000 hominique
1790 4924 1906 4982 babebat

246 5012 277 5051 tn
291 4995 402 5078 sinistro
415 4994 583 5077 casimansi
599 4996 693 5052 mnndi
707 4998 848 5070 cupiditas.
865 4945 1041 5066 Qnasidicnt:
1098 5016 1207 5055 nannum
1220 5000 1346 5056 ormam:
1368 4999 1462 5072 Surge,
1482 5007 1509 5054 et
1521 5005 1564 5054 sta
1576 4997 1606 5053 in
1622 4997 1755 5066 medinm,
1782 5006 1810 5054 et
1829 5010 1905 5054 snr-

246 5067 356 5149 Nescrst
370 5072 492 5148 sinistra,
512 5066 580 5139 quud
602 5066 885 5150 inclarescentes
904 5075 951 5137 est,
975 5071 1045 5140 qaod
1098 5087 1164 5198 gens
1178 5072 1272 5128 stetit:
1294 5078 1317 5127 et
1328 5078 1389 5152 post
1396 5087 1501 5198 gorson:
1527 5069 1563 5124 Et
1577 5069 1787 5142 circumspectis
1802 5063 1905 5124 omui-

246 5138 403 5210 sncstumor
417 5137 544 5207 Dea,non
604 5139 884 5196 dntmnndaannttos.
905 5139 1045 5196 Abrabam
1118 5142 1384 5212 us,dixithcm1ni:
1421 5141 1523 5198 xtende
1532 5155 1645 5197 manum
1654 5149 1791 5208 tuamget
1801 5147 1904 5196 exten·

246 5227 306 5267 caan
319 5216 437 5284 ιιιροιιιιι
462 5227 526 5267 ose
565 5211 717 5281 eflectentem
733 5217 818 5291 noers
831 5229 885 5266 aron
894 5217 991 5282 posset,
1020 5219 1047 5268 et
1098 5214 1149 5282 dit,
1168 5222 1196 5270 et
1210 5214 1336 5270 restituta
1359 5223 1399 5271 ast
1423 5230 1519 5270 manus
1542 5211 1601 5284 ejus
1625 5228 1690 5268 sana
1714 5212 1904 5288 sicutaltere.

246 5284 326 5340 vellet
339 5300 398 5339 enm
412 5282 558 5338 dimittere:
581 5281 706 5350 Discede,
731 5283 827 5352 lnquit,
852 5281 921 5338 situ
936 5281 965 5338 in
977 5283 1044 5340 sini·
1097 5285 1255 5358 Diligenter,
1271 5285 1381 5356 fratres,
1397 5303 1442 5342 ons
1456 5285 1562 5342 undose
1576 5284 1654 5340 credo
1669 5283 1800 5356 prwrnodo
1813 5282 1905 5340 cnei-

245 5363 342 5426 stram,
355 5371 404 5428 ago
419 5355 448 5410 in
462 5355 615 5410 dexteram.
625 5353 659 5410 In
675 5352 787 5409 sinistra
800 5360 861 5408 snnt
872 5371 903 5410 en
916 5371 1043 5425 qnoecor·
1097 5361 1153 5412 stne
1166 5358 1305 5423 Dominus,
1323 5375 1376 5412 non
1390 5357 1528 5430 oppositis,
1544 5362 1597 5412 otc.

242 5427 320 5500 poris
333 5433 358 5483 et
370 5424 464 5481 mnndi
478 5431 563 5505 snat,
574 5425 603 5506 in
617 5425 726 5480 deamo
738 5441 814 5480 amor
827 5425 886 5494 Dei,
911 5433 936 5481 et
948 5428 1045 5483 animae
1135 5429 1193 5510 (58)
1214 5429 1315 5485 Omnes
1330 5429 1408 5498 enit,
1419 5428 1465 5499 qni
1477 5435 1558 5483 totam
1572 5443 1668 5498 corpas
1676 5445 1686 5492 ,·
1696 5426 1787 5500 bugd.
1797 5423 1903 5486 codex,

245 5497 356 5554 virtuter
371 5501 442 5553 rant.
465 5497 541 5554 Recte
552 5501 638 5566 spatas·
651 5495 789 5551 Aineion
802 5496 890 5552 dicit:
913 5497 941 5553 Si
965 5507 995 5556 tu
1013 5498 1044 5555 iu
1098 5515 1144 5571 pne
1159 5505 1196 5554 tot
1209 5516 1332 5572 corporo.

245 5565 398 5637 mulctram,
421 5583 472 5642 ego
487 5565 691 5648 indemnem:
714 5567 778 5637 pnin
796 5567 872 5624 bomo
890 5568 1044 5640 impendens
1135 5569 1193 5643 (59)
1214 5571 1301 5646 Lugd.
1321 5571 1418 5640 codex,
1434 5575 1601 5642 pescolosnns
1616 5587 1730 5630 arcano.
1755 5569 1815 5629 Non
1830 5561 1906 5623 satis

246 5650 277 5692 en
298 5653 356 5708 psloe
377 5639 473 5694 mnndi
499 5645 523 5696 et
543 5653 663 5710 corporis
683 5642 755 5708 sant,
779 5655 869 5712 nempe
890 5640 998 5700 divitias
1019 5648 1044 5698 et
1097 5650 1181 5700 recte.

1994 4378 2015 4607 l
