<?xml version="1.0" encoding="UTF-8"?>
<!DOCTYPE html PUBLIC "-//W3C//DTD XHTML 1.0 Transitional//EN"
    "http://www.w3.org/TR/xhtml1/DTD/xhtml1-transitional.dtd">
<html xmlns="http://www.w3.org/1999/xhtml" xml:lang="en" lang="en">
 <head>
  <title>
</title>
<meta http-equiv="Content-Type" content="text/html;charset=utf-8" />
  <meta name='ocr-system' content='tesseract 3.04.00' />
  <meta name='ocr-capabilities' content='ocr_page ocr_carea ocr_par ocr_line ocrx_word'/>
</head>
<body>
  <div class='ocr_page' id='page_1' title='image "./patrologiaecurs131migngoog_0268.png"; bbox 0 0 4102 6186; ppageno 0'>
   <div class='ocr_carea' id='block_1_1' title="bbox 154 204 1801 298">
    <p class='ocr_par' dir='ltr' id='par_1_1' title="bbox 154 204 1801 298">
     <span class='ocr_line' id='line_1_1' title="bbox 154 204 1801 298; baseline 0.007 -22"><span class='ocrx_word' id='word_1_1' title='bbox 154 204 205 278; x_wconf 82' lang='lat' dir='ltr'>titt</span> <span class='ocrx_word' id='word_1_2' title='bbox 688 211 870 282; x_wconf 77' lang='lat' dir='ltr'>COMMENP.</span> <span class='ocrx_word' id='word_1_3' title='bbox 891 215 927 280; x_wconf 85' lang='lat' dir='ltr'>ln</span> <span class='ocrx_word' id='word_1_4' title='bbox 944 213 1054 280; x_wconf 79' lang='lat' dir='ltr'>EPISP.</span> <span class='ocrx_word' id='word_1_5' title='bbox 1075 216 1123 280; x_wconf 83' lang='lat' dir='ltr'>ah</span> <span class='ocrx_word' id='word_1_6' title='bbox 1142 217 1262 284; x_wconf 81' lang='lat' dir='ltr'>amon.</span> <span class='ocrx_word' id='word_1_7' title='bbox 1748 229 1801 298; x_wconf 73' lang='lat' dir='ltr'>tlte</span> 
     </span>
    </p>
   </div>
   <div class='ocr_carea' id='block_1_2' title="bbox 148 339 1804 2060">
    <p class='ocr_par' dir='ltr' id='par_1_2' title="bbox 148 339 1804 2060">
     <span class='ocr_line' id='line_1_2' title="bbox 154 339 1802 432; baseline 0.01 -32"><span class='ocrx_word' id='word_1_8' title='bbox 154 343 234 400; x_wconf 82' lang='lat' dir='ltr'>faciet</span> <span class='ocrx_word' id='word_1_9' title='bbox 248 343 278 400; x_wconf 92' lang='lat' dir='ltr'>in</span> <span class='ocrx_word' id='word_1_10' title='bbox 293 357 407 418; x_wconf 80' lang='lat' dir='ltr'>regnunt</span> <span class='ocrx_word' id='word_1_11' title='bbox 422 353 503 402; x_wconf 83' lang='lat' dir='ltr'>sunm</span> <span class='ocrx_word' id='word_1_12' title='bbox 518 339 643 404; x_wconf 83' lang='lat' dir='ltr'>cmleste:</span> <span class='ocrx_word' id='word_1_13' title='bbox 668 345 713 404; x_wconf 90' lang='lat' dir='ltr'>cni</span> <span class='ocrx_word' id='word_1_14' title='bbox 726 344 812 421; x_wconf 81' lang='lat' dir='ltr'>gloria</span> <span class='ocrx_word' id='word_1_15' title='bbox 827 345 857 406; x_wconf 89' lang='lat' dir='ltr'>in</span> <span class='ocrx_word' id='word_1_16' title='bbox 870 354 946 406; x_wconf 88' lang='lat' dir='ltr'>aeter·</span> <span class='ocrx_word' id='word_1_17' title='bbox 965 349 988 410; x_wconf 84' lang='lat' dir='ltr'><strong>A</strong></span> <span class='ocrx_word' id='word_1_18' title='bbox 1004 345 1128 406; x_wconf 86' lang='lat' dir='ltr'>Priscilla</span> <span class='ocrx_word' id='word_1_19' title='bbox 1154 349 1182 406; x_wconf 92' lang='lat' dir='ltr'>hi</span> <span class='ocrx_word' id='word_1_20' title='bbox 1203 359 1277 420; x_wconf 89' lang='lat' dir='ltr'>sunt,</span> <span class='ocrx_word' id='word_1_21' title='bbox 1293 346 1365 426; x_wconf 84' lang='lat' dir='ltr'>apud</span> <span class='ocrx_word' id='word_1_22' title='bbox 1379 371 1448 428; x_wconf 82' lang='lat' dir='ltr'>qum</span> <span class='ocrx_word' id='word_1_23' title='bbox 1467 347 1622 429; x_wconf 76' lang='lat' dir='ltr'>laospitalos</span> <span class='ocrx_word' id='word_1_24' title='bbox 1637 359 1802 432; x_wconf 73' lang='lat' dir='ltr'>operabatur</span> 
     </span>
     <span class='ocr_line' id='line_1_3' title="bbox 154 433 1800 521; baseline 0.012 -31"><span class='ocrx_word' id='word_1_25' title='bbox 154 450 231 500; x_wconf 88' lang='lat' dir='ltr'>num,</span> <span class='ocrx_word' id='word_1_26' title='bbox 246 450 336 490; x_wconf 78' lang='lat' dir='ltr'>anien.</span> <span class='ocrx_word' id='word_1_27' title='bbox 352 458 361 482; x_wconf 83' lang='lat'><em>·</em></span> <span class='ocrx_word' id='word_1_28' title='bbox 383 433 520 490; x_wconf 84' lang='lat' dir='ltr'>Similiter</span> <span class='ocrx_word' id='word_1_29' title='bbox 534 433 603 494; x_wconf 87' lang='lat' dir='ltr'>dicit</span> <span class='ocrx_word' id='word_1_30' title='bbox 619 442 645 492; x_wconf 91' lang='lat' dir='ltr'>et</span> <span class='ocrx_word' id='word_1_31' title='bbox 660 437 755 494; x_wconf 88' lang='lat' dir='ltr'>Petrus</span> <span class='ocrx_word' id='word_1_32' title='bbox 777 441 950 512; x_wconf 88' lang='lat' dir='ltr'>coapostolus</span> <span class='ocrx_word' id='word_1_33' title='bbox 1004 439 1132 495; x_wconf 73' lang='lat' dir='ltr'>astartibus</span> <span class='ocrx_word' id='word_1_34' title='bbox 1152 440 1223 512; x_wconf 82' lang='lat' dir='ltr'>(Act.</span> <span class='ocrx_word' id='word_1_35' title='bbox 1235 458 1317 512; x_wconf 79' lang='lat' dir='ltr'>uviri,</span> <span class='ocrx_word' id='word_1_36' title='bbox 1333 445 1372 516; x_wconf 72' lang='lat'>3).</span> <span class='ocrx_word' id='word_1_37' title='bbox 1391 445 1578 517; x_wconf 76' lang='lat' dir='ltr'>Onesiphorus</span> <span class='ocrx_word' id='word_1_38' title='bbox 1591 456 1681 508; x_wconf 87' lang='lat' dir='ltr'>antem</span> <span class='ocrx_word' id='word_1_39' title='bbox 1694 450 1800 521; x_wconf 87' lang='lat' dir='ltr'>hicest,</span> 
     </span>
     <span class='ocr_line' id='line_1_4' title="bbox 153 523 1801 612; baseline 0.011 -30"><span class='ocrx_word' id='word_1_40' title='bbox 153 523 227 600; x_wconf 86' lang='lat' dir='ltr'>ejus:</span> <span class='ocrx_word' id='word_1_41' title='bbox 246 525 334 594; x_wconf 82' lang='lat' dir='ltr'>«Quia</span> <span class='ocrx_word' id='word_1_42' title='bbox 348 525 522 584; x_wconf 87' lang='lat' dir='ltr'>adversarius</span> <span class='ocrx_word' id='word_1_43' title='bbox 537 534 628 584; x_wconf 88' lang='lat' dir='ltr'>noster</span> <span class='ocrx_word' id='word_1_44' title='bbox 639 526 767 586; x_wconf 86' lang='lat' dir='ltr'>diabolus</span> <span class='ocrx_word' id='word_1_45' title='bbox 773 530 884 600; x_wconf 90' lang='lat' dir='ltr'>circuit,</span> <span class='ocrx_word' id='word_1_46' title='bbox 897 531 949 588; x_wconf 85' lang='lat' dir='ltr'>fre·</span> <span class='ocrx_word' id='word_1_47' title='bbox 1004 529 1049 586; x_wconf 89' lang='lat' dir='ltr'>cui</span> <span class='ocrx_word' id='word_1_48' title='bbox 1060 528 1137 586; x_wconf 88' lang='lat' dir='ltr'>testis</span> <span class='ocrx_word' id='word_1_49' title='bbox 1150 537 1192 586; x_wconf 92' lang='lat' dir='ltr'>est</span> <span class='ocrx_word' id='word_1_50' title='bbox 1204 528 1233 584; x_wconf 93' lang='lat' dir='ltr'>in</span> <span class='ocrx_word' id='word_1_51' title='bbox 1244 531 1363 588; x_wconf 88' lang='lat' dir='ltr'>secunda</span> <span class='ocrx_word' id='word_1_52' title='bbox 1372 534 1488 606; x_wconf 87' lang='lat' dir='ltr'>epistola</span> <span class='ocrx_word' id='word_1_53' title='bbox 1503 536 1547 607; x_wconf 86' lang='lat' dir='ltr'>(li</span> <span class='ocrx_word' id='word_1_54' title='bbox 1559 538 1625 594; x_wconf 82' lang='lat' dir='ltr'>Tim.</span> <span class='ocrx_word' id='word_1_55' title='bbox 1637 539 1801 612; x_wconf 75' lang='lat' dir='ltr'>1,16).Qltid</span> 
     </span>
     <span class='ocr_line' id='line_1_5' title="bbox 152 614 1802 700; baseline 0.01 -28"><span class='ocrx_word' id='word_1_56' title='bbox 152 631 227 674; x_wconf 88' lang='lat' dir='ltr'>mens</span> <span class='ocrx_word' id='word_1_57' title='bbox 239 615 313 672; x_wconf 90' lang='lat' dir='ltr'>sicut</span> <span class='ocrx_word' id='word_1_58' title='bbox 329 614 382 684; x_wconf 89' lang='lat' dir='ltr'>leo,</span> <span class='ocrx_word' id='word_1_59' title='bbox 393 631 518 688; x_wconf 82' lang='lat' dir='ltr'>quaereus</span> <span class='ocrx_word' id='word_1_60' title='bbox 528 632 608 690; x_wconf 90' lang='lat' dir='ltr'>qoem</span> <span class='ocrx_word' id='word_1_61' title='bbox 617 617 731 676; x_wconf 90' lang='lat' dir='ltr'>devoret</span> <span class='ocrx_word' id='word_1_62' title='bbox 739 621 768 692; x_wconf 80' lang='grc' dir='ltr'>(Ι</span> <span class='ocrx_word' id='word_1_63' title='bbox 771 621 844 678; x_wconf 83' lang='lat' dir='ltr'>Patr.</span> <span class='ocrx_word' id='word_1_64' title='bbox 852 638 880 690; x_wconf 94' lang='lat' dir='ltr'>v,</span> <span class='ocrx_word' id='word_1_65' title='bbox 888 621 942 691; x_wconf 70' lang='lat' dir='ltr'>til..</span> <span class='ocrx_word' id='word_1_66' title='bbox 1004 626 1045 676; x_wconf 91' lang='lat' dir='ltr'>est</span> <span class='ocrx_word' id='word_1_67' title='bbox 1067 625 1169 688; x_wconf 71' lang='lat' dir='ltr'>emen,</span> <span class='ocrx_word' id='word_1_68' title='bbox 1194 628 1226 675; x_wconf 90' lang='lat' dir='ltr'>ut</span> <span class='ocrx_word' id='word_1_69' title='bbox 1239 629 1373 692; x_wconf 84' lang='lat' dir='ltr'>praesente</span> <span class='ocrx_word' id='word_1_70' title='bbox 1386 625 1528 696; x_wconf 82' lang='lat' dir='ltr'>Apostolo,</span> <span class='ocrx_word' id='word_1_71' title='bbox 1543 625 1592 700; x_wconf 91' lang='lat' dir='ltr'>qui</span> <span class='ocrx_word' id='word_1_72' title='bbox 1609 637 1731 688; x_wconf 88' lang='lat' dir='ltr'>mortuos</span> <span class='ocrx_word' id='word_1_73' title='bbox 1746 647 1802 690; x_wconf 82' lang='lat' dir='ltr'>ex-</span> 
     </span>
     <span class='ocr_line' id='line_1_6' title="bbox 150 702 1802 792; baseline 0.008 -30"><span class='ocrx_word' id='word_1_74' title='bbox 150 702 202 762; x_wconf 91' lang='lat' dir='ltr'>Sed</span> <span class='ocrx_word' id='word_1_75' title='bbox 224 703 290 780; x_wconf 88' lang='lat' dir='ltr'>quia</span> <span class='ocrx_word' id='word_1_76' title='bbox 312 705 342 762; x_wconf 90' lang='lat' dir='ltr'>in</span> <span class='ocrx_word' id='word_1_77' title='bbox 365 704 498 778; x_wconf 80' lang='lat' dir='ltr'>Apostolo</span> <span class='ocrx_word' id='word_1_78' title='bbox 512 705 685 764; x_wconf 80' lang='lat' dir='ltr'>occasionem</span> <span class='ocrx_word' id='word_1_79' title='bbox 700 723 756 764; x_wconf 91' lang='lat' dir='ltr'>non</span> <span class='ocrx_word' id='word_1_80' title='bbox 779 707 949 778; x_wconf 86' lang='lat' dir='ltr'>inveniebat,</span> <span class='ocrx_word' id='word_1_81' title='bbox 1004 705 1117 776; x_wconf 90' lang='lat' dir='ltr'>citahat,</span> <span class='ocrx_word' id='word_1_82' title='bbox 1133 705 1301 780; x_wconf 85' lang='lat' dir='ltr'>Trophimae</span> <span class='ocrx_word' id='word_1_83' title='bbox 1315 709 1586 774; x_wconf 83' lang='lat' dir='ltr'>infirmaretur‘lSed</span> <span class='ocrx_word' id='word_1_84' title='bbox 1600 716 1678 791; x_wconf 77' lang='lat' dir='ltr'>signa</span> <span class='ocrx_word' id='word_1_85' title='bbox 1692 727 1802 792; x_wconf 84' lang='lat' dir='ltr'>propter</span> 
     </span>
     <span class='ocr_line' id='line_1_7' title="bbox 150 793 1802 877; baseline 0.01 -25"><span class='ocrx_word' id='word_1_86' title='bbox 150 811 204 868; x_wconf 88' lang='lat' dir='ltr'>qua</span> <span class='ocrx_word' id='word_1_87' title='bbox 222 794 303 850; x_wconf 91' lang='lat' dir='ltr'>illum</span> <span class='ocrx_word' id='word_1_88' title='bbox 324 793 472 868; x_wconf 79' lang='lat' dir='ltr'>deciperet,</span> <span class='ocrx_word' id='word_1_89' title='bbox 490 812 539 868; x_wconf 92' lang='lat' dir='ltr'>per</span> <span class='ocrx_word' id='word_1_90' title='bbox 556 795 630 853; x_wconf 89' lang='lat' dir='ltr'>filios</span> <span class='ocrx_word' id='word_1_91' title='bbox 650 813 714 854; x_wconf 91' lang='lat' dir='ltr'>suos</span> <span class='ocrx_word' id='word_1_92' title='bbox 731 813 888 870; x_wconf 84' lang='lat' dir='ltr'>pressuram</span> <span class='ocrx_word' id='word_1_93' title='bbox 908 797 951 854; x_wconf 93' lang='lat' dir='ltr'>illi</span> <span class='ocrx_word' id='word_1_94' title='bbox 1005 795 1163 854; x_wconf 88' lang='lat' dir='ltr'>incredulos</span> <span class='ocrx_word' id='word_1_95' title='bbox 1187 797 1259 856; x_wconf 86' lang='lat' dir='ltr'>facta</span> <span class='ocrx_word' id='word_1_96' title='bbox 1285 807 1373 858; x_wconf 86' lang='lat' dir='ltr'>sunt:</span> <span class='ocrx_word' id='word_1_97' title='bbox 1391 810 1417 859; x_wconf 90' lang='lat' dir='ltr'>et</span> <span class='ocrx_word' id='word_1_98' title='bbox 1437 805 1501 877; x_wconf 85' lang='lat' dir='ltr'>qnia</span> <span class='ocrx_word' id='word_1_99' title='bbox 1522 822 1556 864; x_wconf 83' lang='lat' dir='ltr'>ex</span> <span class='ocrx_word' id='word_1_100' title='bbox 1580 806 1698 866; x_wconf 85' lang='lat' dir='ltr'>diversis</span> <span class='ocrx_word' id='word_1_101' title='bbox 1712 811 1802 869; x_wconf 88' lang='lat' dir='ltr'>causis</span> 
     </span>
     <span class='ocr_line' id='line_1_8' title="bbox 149 881 1800 962; baseline 0.011 -22"><span class='ocrx_word' id='word_1_102' title='bbox 149 881 291 942; x_wconf 80' lang='lat' dir='ltr'>excitabat</span> <span class='ocrx_word' id='word_1_103' title='bbox 316 889 344 940; x_wconf 87' lang='lat' dir='ltr'>et</span> <span class='ocrx_word' id='word_1_104' title='bbox 359 901 473 958; x_wconf 88' lang='lat' dir='ltr'>poenas;</span> <span class='ocrx_word' id='word_1_105' title='bbox 494 893 526 942; x_wconf 91' lang='grc' dir='ltr'>ιι</span> <span class='ocrx_word' id='word_1_106' title='bbox 544 885 568 942; x_wconf 90' lang='lat' dir='ltr'>si</span> <span class='ocrx_word' id='word_1_107' title='bbox 584 902 641 942; x_wconf 90' lang='lat' dir='ltr'>non</span> <span class='ocrx_word' id='word_1_108' title='bbox 656 884 733 958; x_wconf 83' lang='lat' dir='ltr'>quasi</span> <span class='ocrx_word' id='word_1_109' title='bbox 750 895 884 959; x_wconf 88' lang='lat' dir='ltr'>peccator,</span> <span class='ocrx_word' id='word_1_110' title='bbox 906 888 951 944; x_wconf 92' lang='lat' dir='ltr'>vel</span> <span class='ocrx_word' id='word_1_111' title='bbox 1005 887 1136 943; x_wconf 91' lang='lat' dir='ltr'>meritum</span> <span class='ocrx_word' id='word_1_112' title='bbox 1151 888 1303 946; x_wconf 88' lang='lat' dir='ltr'>collocatur</span> <span class='ocrx_word' id='word_1_113' title='bbox 1316 891 1387 962; x_wconf 90' lang='lat' dir='ltr'>apud</span> <span class='ocrx_word' id='word_1_114' title='bbox 1402 893 1489 950; x_wconf 87' lang='lat' dir='ltr'>Deum</span> <span class='ocrx_word' id='word_1_115' title='bbox 1501 912 1508 961; x_wconf 88' lang='lat'>;</span> <span class='ocrx_word' id='word_1_116' title='bbox 1521 903 1557 956; x_wconf 77' lang='grc' dir='ltr'>,ιιι</span> <span class='ocrx_word' id='word_1_117' title='bbox 1571 896 1628 954; x_wconf 88' lang='lat' dir='ltr'>sive</span> <span class='ocrx_word' id='word_1_118' title='bbox 1643 897 1673 954; x_wconf 91' lang='lat' dir='ltr'>in</span> <span class='ocrx_word' id='word_1_119' title='bbox 1687 899 1800 958; x_wconf 88' lang='lat' dir='ltr'>tribule·</span> 
     </span>
     <span class='ocr_line' id='line_1_9' title="bbox 150 969 1803 1062; baseline 0.011 -32"><span class='ocrx_word' id='word_1_120' title='bbox 150 971 340 1048; x_wconf 87' lang='lat' dir='ltr'>qnaeijustns,</span> <span class='ocrx_word' id='word_1_121' title='bbox 353 969 449 1032; x_wconf 91' lang='lat' dir='ltr'>dehac</span> <span class='ocrx_word' id='word_1_122' title='bbox 464 981 556 1032; x_wconf 89' lang='lat' dir='ltr'>tamen</span> <span class='ocrx_word' id='word_1_123' title='bbox 571 976 715 1032; x_wconf 90' lang='lat' dir='ltr'>tolleretur</span> <span class='ocrx_word' id='word_1_124' title='bbox 727 975 950 1046; x_wconf 88' lang='lat' dir='ltr'>vite,nemnltos</span> <span class='ocrx_word' id='word_1_125' title='bbox 1005 976 1091 1046; x_wconf 89' lang='lat' dir='ltr'>tione,</span> <span class='ocrx_word' id='word_1_126' title='bbox 1107 978 1166 1036; x_wconf 88' lang='lat' dir='ltr'>sive</span> <span class='ocrx_word' id='word_1_127' title='bbox 1181 979 1211 1036; x_wconf 93' lang='lat' dir='ltr'>in</span> <span class='ocrx_word' id='word_1_128' title='bbox 1225 981 1400 1052; x_wconf 76' lang='lat' dir='ltr'>egritudine,</span> <span class='ocrx_word' id='word_1_129' title='bbox 1417 981 1465 1056; x_wconf 89' lang='lat' dir='ltr'>qui</span> <span class='ocrx_word' id='word_1_130' title='bbox 1483 985 1541 1042; x_wconf 89' lang='lat' dir='ltr'>Deo</span> <span class='ocrx_word' id='word_1_131' title='bbox 1555 987 1653 1057; x_wconf 73' lang='lat' dir='ltr'>gratiae</span> <span class='ocrx_word' id='word_1_132' title='bbox 1670 989 1736 1062; x_wconf 84' lang='lat' dir='ltr'>aqit,</span> <span class='ocrx_word' id='word_1_133' title='bbox 1752 1005 1803 1050; x_wconf 89' lang='lat' dir='ltr'>nec</span> 
     </span>
     <span class='ocr_line' id='line_1_10' title="bbox 150 1061 1803 1150; baseline 0.01 -28"><span class='ocrx_word' id='word_1_134' title='bbox 150 1061 309 1122; x_wconf 78' lang='lat' dir='ltr'>hortaretur</span> <span class='ocrx_word' id='word_1_135' title='bbox 322 1061 357 1120; x_wconf 90' lang='lat' dir='ltr'>ad</span> <span class='ocrx_word' id='word_1_136' title='bbox 373 1061 467 1120; x_wconf 87' lang='lat' dir='ltr'>fidem.</span> <span class='ocrx_word' id='word_1_137' title='bbox 483 1061 565 1132; x_wconf 89' lang='lat' dir='ltr'>Quod</span> <span class='ocrx_word' id='word_1_138' title='bbox 576 1081 641 1122; x_wconf 90' lang='lat' dir='ltr'>com</span> <span class='ocrx_word' id='word_1_139' title='bbox 656 1081 740 1138; x_wconf 90' lang='lat' dir='ltr'>prope</span> <span class='ocrx_word' id='word_1_140' title='bbox 753 1065 890 1139; x_wconf 89' lang='lat' dir='ltr'>impleret,</span> <span class='ocrx_word' id='word_1_141' title='bbox 899 1065 950 1122; x_wconf 90' lang='lat' dir='ltr'>Oei</span> <span class='ocrx_word' id='word_1_142' title='bbox 1004 1067 1038 1125; x_wconf 89' lang='lat' dir='ltr'>ad</span> <span class='ocrx_word' id='word_1_143' title='bbox 1061 1067 1175 1126; x_wconf 89' lang='lat' dir='ltr'>adversa</span> <span class='ocrx_word' id='word_1_144' title='bbox 1199 1079 1276 1142; x_wconf 90' lang='lat' dir='ltr'>parte</span> <span class='ocrx_word' id='word_1_145' title='bbox 1302 1071 1463 1144; x_wconf 78' lang='lat' dir='ltr'>suffragium</span> <span class='ocrx_word' id='word_1_146' title='bbox 1493 1075 1601 1148; x_wconf 80' lang='lat' dir='ltr'>quaerit,</span> <span class='ocrx_word' id='word_1_147' title='bbox 1628 1087 1659 1136; x_wconf 90' lang='lat' dir='ltr'>ut</span> <span class='ocrx_word' id='word_1_148' title='bbox 1678 1079 1803 1150; x_wconf 86' lang='lat' dir='ltr'>proficiat</span> 
     </span>
     <span class='ocr_line' id='line_1_11' title="bbox 149 1152 1804 1241; baseline 0.01 -31"><span class='ocrx_word' id='word_1_149' title='bbox 149 1152 950 1228; x_wconf 80' lang='lat' dir='ltr'>providentialiberatusApostoloe,insullatilli,inhrmum</span> <span class='ocrx_word' id='word_1_150' title='bbox 1004 1155 1111 1214; x_wconf 87' lang='lat' dir='ltr'>meritis</span> <span class='ocrx_word' id='word_1_151' title='bbox 1123 1153 1197 1230; x_wconf 91' lang='lat' dir='ltr'>apud</span> <span class='ocrx_word' id='word_1_152' title='bbox 1211 1159 1310 1216; x_wconf 88' lang='lat' dir='ltr'>Deum.</span> <span class='ocrx_word' id='word_1_153' title='bbox 1322 1159 1438 1232; x_wconf 88' lang='lat' dir='ltr'>Propter</span> <span class='ocrx_word' id='word_1_154' title='bbox 1448 1161 1550 1220; x_wconf 89' lang='lat' dir='ltr'>imbres</span> <span class='ocrx_word' id='word_1_155' title='bbox 1559 1171 1650 1222; x_wconf 90' lang='lat' dir='ltr'>antem</span> <span class='ocrx_word' id='word_1_156' title='bbox 1661 1174 1688 1224; x_wconf 90' lang='lat' dir='ltr'>et</span> <span class='ocrx_word' id='word_1_157' title='bbox 1702 1167 1804 1241; x_wconf 77' lang='lat' dir='ltr'>frigora</span> 
     </span>
     <span class='ocr_line' id='line_1_12' title="bbox 149 1241 1803 1319; baseline 0.007 -21"><span class='ocrx_word' id='word_1_158' title='bbox 149 1241 231 1299; x_wconf 92' lang='lat' dir='ltr'>illum</span> <span class='ocrx_word' id='word_1_159' title='bbox 240 1243 507 1316; x_wconf 87' lang='lat' dir='ltr'>testificans,quiade</span> <span class='ocrx_word' id='word_1_160' title='bbox 515 1261 562 1300; x_wconf 92' lang='lat' dir='ltr'>ore</span> <span class='ocrx_word' id='word_1_161' title='bbox 569 1243 628 1315; x_wconf 90' lang='lat' dir='ltr'>ejus</span> <span class='ocrx_word' id='word_1_162' title='bbox 635 1253 744 1316; x_wconf 89' lang='lat' dir='ltr'>ereptus</span> <span class='ocrx_word' id='word_1_163' title='bbox 750 1246 869 1319; x_wconf 91' lang='lat' dir='ltr'>est‚qnia</span> <span class='ocrx_word' id='word_1_164' title='bbox 876 1245 950 1319; x_wconf 89' lang='lat' dir='ltr'>quod</span> <span class='ocrx_word' id='word_1_165' title='bbox 1004 1245 1187 1314; x_wconf 83' lang='lat' dir='ltr'>commonuit,</span> <span class='ocrx_word' id='word_1_166' title='bbox 1203 1253 1234 1302; x_wconf 93' lang='lat' dir='ltr'>ut</span> <span class='ocrx_word' id='word_1_167' title='bbox 1248 1254 1382 1305; x_wconf 90' lang='lat' dir='ltr'>autumno</span> <span class='ocrx_word' id='word_1_168' title='bbox 1394 1248 1429 1305; x_wconf 89' lang='lat' dir='ltr'>ad</span> <span class='ocrx_word' id='word_1_169' title='bbox 1439 1265 1468 1308; x_wconf 87' lang='lat' dir='ltr'>se</span> <span class='ocrx_word' id='word_1_170' title='bbox 1482 1251 1600 1314; x_wconf 84' lang='lat' dir='ltr'>veniret.</span> <span class='ocrx_word' id='word_1_171' title='bbox 1624 1253 1754 1314; x_wconf 74' lang='lat' dir='ltr'>«Salutat</span> <span class='ocrx_word' id='word_1_172' title='bbox 1777 1263 1803 1314; x_wconf 87' lang='lat' dir='ltr'>te</span> 
     </span>
     <span class='ocr_line' id='line_1_13' title="bbox 150 1333 1803 1412; baseline 0.005 -20"><span class='ocrx_word' id='word_1_173' title='bbox 150 1335 269 1408; x_wconf 83' lang='lat' dir='ltr'>cupivit,</span> <span class='ocrx_word' id='word_1_174' title='bbox 297 1335 413 1408; x_wconf 90' lang='lat' dir='ltr'>implere</span> <span class='ocrx_word' id='word_1_175' title='bbox 440 1351 496 1392; x_wconf 91' lang='lat' dir='ltr'>non</span> <span class='ocrx_word' id='word_1_176' title='bbox 514 1336 615 1409; x_wconf 90' lang='lat' dir='ltr'>potuit.</span> <span class='ocrx_word' id='word_1_177' title='bbox 644 1336 732 1409; x_wconf 74' lang='lat' dir='ltr'>Igitur</span> <span class='ocrx_word' id='word_1_178' title='bbox 758 1337 809 1394; x_wconf 90' lang='lat' dir='ltr'>Oei</span> <span class='ocrx_word' id='word_1_179' title='bbox 835 1337 950 1394; x_wconf 87' lang='lat' dir='ltr'>auxiliis</span> <span class='ocrx_word' id='word_1_180' title='bbox 1004 1333 1128 1392; x_wconf 87' lang='lat' dir='ltr'>Euholus</span> <span class='ocrx_word' id='word_1_181' title='bbox 1139 1344 1166 1392; x_wconf 87' lang='lat' dir='ltr'>et</span> <span class='ocrx_word' id='word_1_182' title='bbox 1181 1336 1300 1408; x_wconf 88' lang='lat' dir='ltr'>Pudens,</span> <span class='ocrx_word' id='word_1_183' title='bbox 1316 1337 1402 1396; x_wconf 76' lang='lat' dir='ltr'>linos</span> <span class='ocrx_word' id='word_1_184' title='bbox 1415 1348 1442 1396; x_wconf 92' lang='lat' dir='ltr'>et</span> <span class='ocrx_word' id='word_1_185' title='bbox 1456 1339 1581 1412; x_wconf 87' lang='lat' dir='ltr'>Claudia,</span> <span class='ocrx_word' id='word_1_186' title='bbox 1596 1351 1624 1400; x_wconf 90' lang='lat' dir='ltr'>et</span> <span class='ocrx_word' id='word_1_187' title='bbox 1639 1359 1735 1405; x_wconf 88' lang='lat' dir='ltr'>omnes</span> <span class='ocrx_word' id='word_1_188' title='bbox 1751 1343 1803 1402; x_wconf 85' lang='lat' dir='ltr'>lra-</span> 
     </span>
     <span class='ocr_line' id='line_1_14' title="bbox 150 1426 1804 1506; baseline 0.004 -24"><span class='ocrx_word' id='word_1_189' title='bbox 150 1427 234 1484; x_wconf 87' lang='lat' dir='ltr'>morti</span> <span class='ocrx_word' id='word_1_190' title='bbox 249 1442 278 1484; x_wconf 88' lang='lat' dir='ltr'>so</span> <span class='ocrx_word' id='word_1_191' title='bbox 294 1434 419 1499; x_wconf 88' lang='lat' dir='ltr'>ereptum</span> <span class='ocrx_word' id='word_1_192' title='bbox 433 1427 596 1500; x_wconf 78' lang='lat' dir='ltr'>gratulatur,</span> <span class='ocrx_word' id='word_1_193' title='bbox 612 1437 639 1486; x_wconf 89' lang='lat' dir='ltr'>et</span> <span class='ocrx_word' id='word_1_194' title='bbox 659 1427 693 1484; x_wconf 92' lang='lat' dir='ltr'>de</span> <span class='ocrx_word' id='word_1_195' title='bbox 709 1429 885 1501; x_wconf 89' lang='lat' dir='ltr'>providentia</span> <span class='ocrx_word' id='word_1_196' title='bbox 899 1433 949 1489; x_wconf 87' lang='lat' dir='ltr'>Dei</span> <span class='ocrx_word' id='word_1_197' title='bbox 1005 1431 1090 1482; x_wconf 71' lang='lat' dir='ltr'>tres-³</span> <span class='ocrx_word' id='word_1_198' title='bbox 1111 1426 1186 1484; x_wconf 74' lang='lat' dir='ltr'>More</span> <span class='ocrx_word' id='word_1_199' title='bbox 1207 1436 1338 1486; x_wconf 81' lang='lat' dir='ltr'>consueto</span> <span class='ocrx_word' id='word_1_200' title='bbox 1352 1431 1488 1503; x_wconf 87' lang='lat' dir='ltr'>completa</span> <span class='ocrx_word' id='word_1_201' title='bbox 1512 1440 1553 1492; x_wconf 88' lang='lat' dir='ltr'>est</span> <span class='ocrx_word' id='word_1_202' title='bbox 1567 1433 1682 1506; x_wconf 89' lang='lat' dir='ltr'>epistola</span> <span class='ocrx_word' id='word_1_203' title='bbox 1695 1434 1804 1494; x_wconf 87' lang='lat' dir='ltr'>saluta-</span> 
     </span>
     <span class='ocr_line' id='line_1_15' title="bbox 149 1513 1221 1584; baseline 0.006 -12"><span class='ocrx_word' id='word_1_204' title='bbox 149 1523 204 1572; x_wconf 90' lang='lat' dir='ltr'>tam</span> <span class='ocrx_word' id='word_1_205' title='bbox 221 1531 334 1574; x_wconf 87' lang='lat' dir='ltr'>securus</span> <span class='ocrx_word' id='word_1_206' title='bbox 348 1524 400 1584; x_wconf 90' lang='lat' dir='ltr'>est,</span> <span class='ocrx_word' id='word_1_207' title='bbox 416 1523 446 1572; x_wconf 91' lang='lat' dir='ltr'>ut</span> <span class='ocrx_word' id='word_1_208' title='bbox 460 1515 609 1574; x_wconf 76' lang='lat' dir='ltr'>defuturis</span> <span class='ocrx_word' id='word_1_209' title='bbox 623 1517 824 1575; x_wconf 85' lang='lat' dir='ltr'>tentationibus</span> <span class='ocrx_word' id='word_1_210' title='bbox 838 1519 949 1578; x_wconf 88' lang='lat' dir='ltr'>liberari</span> <span class='ocrx_word' id='word_1_211' title='bbox 1006 1513 1079 1570; x_wconf 74' lang='lat' dir='ltr'>lione</span> <span class='ocrx_word' id='word_1_212' title='bbox 1094 1514 1221 1572; x_wconf 76' lang='lat' dir='ltr'>fratrum.</span> 
     </span>
     <span class='ocr_line' id='line_1_16' title="bbox 148 1603 1795 1690; baseline 0.016 -28"><span class='ocrx_word' id='word_1_213' title='bbox 148 1621 176 1662; x_wconf 91' lang='lat' dir='ltr'>se</span> <span class='ocrx_word' id='word_1_214' title='bbox 187 1607 294 1665; x_wconf 83' lang='lat' dir='ltr'>eredat:</span> <span class='ocrx_word' id='word_1_215' title='bbox 310 1612 337 1664; x_wconf 91' lang='lat' dir='ltr'>et</span> <span class='ocrx_word' id='word_1_216' title='bbox 352 1623 408 1664; x_wconf 93' lang='lat' dir='ltr'>non</span> <span class='ocrx_word' id='word_1_217' title='bbox 425 1608 516 1665; x_wconf 91' lang='lat' dir='ltr'>solnm</span> <span class='ocrx_word' id='word_1_218' title='bbox 531 1606 643 1668; x_wconf 89' lang='lat' dir='ltr'>liberari</span> <span class='ocrx_word' id='word_1_219' title='bbox 658 1607 692 1666; x_wconf 90' lang='lat' dir='ltr'>ad</span> <span class='ocrx_word' id='word_1_220' title='bbox 706 1625 949 1690; x_wconf 55' lang='lat' dir='ltr'>presenqverum</span> <span class='ocrx_word' id='word_1_221' title='bbox 1041 1621 1055 1655; x_wconf 79' lang='lat' dir='ltr'>a</span> <span class='ocrx_word' id='word_1_222' title='bbox 1069 1603 1206 1660; x_wconf 75' lang='lat' dir='ltr'>D0ffliss¹¹⁸</span> <span class='ocrx_word' id='word_1_223' title='bbox 1219 1605 1297 1662; x_wconf 65' lang='lat' dir='ltr'>Jews</span> <span class='ocrx_word' id='word_1_224' title='bbox 1310 1605 1437 1666; x_wconf 62' lang='lat' dir='ltr'>chrislus</span> <span class='ocrx_word' id='word_1_225' title='bbox 1451 1627 1514 1668; x_wconf 91' lang='lat' dir='ltr'>cum</span> <span class='ocrx_word' id='word_1_226' title='bbox 1529 1611 1630 1686; x_wconf 75' lang='lat' dir='ltr'>⁸Pirim</span> <span class='ocrx_word' id='word_1_227' title='bbox 1643 1620 1692 1672; x_wconf 68' lang='lat'>²1¹0</span> <span class='ocrx_word' id='word_1_228' title='bbox 1707 1613 1795 1688; x_wconf 73' lang='grc'>(35)··</span> 
     </span>
     <span class='ocr_line' id='line_1_17' title="bbox 148 1694 1804 1788; baseline 0.012 -38"><span class='ocrx_word' id='word_1_229' title='bbox 148 1694 232 1752; x_wconf 91' lang='lat' dir='ltr'>etiam</span> <span class='ocrx_word' id='word_1_230' title='bbox 247 1695 356 1754; x_wconf 88' lang='lat' dir='ltr'>salvum</span> <span class='ocrx_word' id='word_1_231' title='bbox 371 1712 400 1752; x_wconf 91' lang='lat' dir='ltr'>se</span> <span class='ocrx_word' id='word_1_232' title='bbox 414 1696 540 1754; x_wconf 86' lang='lat' dir='ltr'>futurum</span> <span class='ocrx_word' id='word_1_233' title='bbox 565 1697 595 1754; x_wconf 92' lang='lat' dir='ltr'>in</span> <span class='ocrx_word' id='word_1_234' title='bbox 611 1696 656 1754; x_wconf 88' lang='lat' dir='ltr'>die</span> <span class='ocrx_word' id='word_1_235' title='bbox 672 1696 784 1770; x_wconf 87' lang='lat' dir='ltr'>judicii,</span> <span class='ocrx_word' id='word_1_236' title='bbox 799 1707 827 1756; x_wconf 90' lang='lat' dir='ltr'>et</span> <span class='ocrx_word' id='word_1_237' title='bbox 849 1716 951 1772; x_wconf 80' lang='lat' dir='ltr'>reque·-</span> <span class='ocrx_word' id='word_1_238' title='bbox 970 1701 1069 1776; x_wconf 76' lang='lat' dir='ltr'>BHaec</span> <span class='ocrx_word' id='word_1_239' title='bbox 1092 1703 1260 1778; x_wconf 82' lang='lat' dir='ltr'>subscriptio</span> <span class='ocrx_word' id='word_1_240' title='bbox 1283 1708 1410 1780; x_wconf 82' lang='lat' dir='ltr'>Apostoli</span> <span class='ocrx_word' id='word_1_241' title='bbox 1437 1720 1490 1778; x_wconf 88' lang='lat' dir='ltr'>est,</span> <span class='ocrx_word' id='word_1_242' title='bbox 1512 1713 1586 1785; x_wconf 91' lang='lat' dir='ltr'>quod</span> <span class='ocrx_word' id='word_1_243' title='bbox 1612 1713 1722 1788; x_wconf 74' lang='lat' dir='ltr'>signum</span> <span class='ocrx_word' id='word_1_244' title='bbox 1746 1731 1804 1776; x_wconf 84' lang='lat' dir='ltr'>sese</span> 
     </span>
     <span class='ocr_line' id='line_1_18' title="bbox 148 1784 1804 1872; baseline 0.013 -32"><span class='ocrx_word' id='word_1_245' title='bbox 148 1791 243 1842; x_wconf 90' lang='lat' dir='ltr'>turum</span> <span class='ocrx_word' id='word_1_246' title='bbox 259 1801 324 1844; x_wconf 91' lang='lat' dir='ltr'>cum</span> <span class='ocrx_word' id='word_1_247' title='bbox 338 1785 460 1843; x_wconf 90' lang='lat' dir='ltr'>Domino</span> <span class='ocrx_word' id='word_1_248' title='bbox 476 1784 587 1844; x_wconf 87' lang='lat' dir='ltr'>Christo</span> <span class='ocrx_word' id='word_1_249' title='bbox 600 1786 630 1844; x_wconf 89' lang='lat' dir='ltr'>iu</span> <span class='ocrx_word' id='word_1_250' title='bbox 644 1796 747 1844; x_wconf 87' lang='lat' dir='ltr'>aeterna</span> <span class='ocrx_word' id='word_1_251' title='bbox 761 1788 869 1844; x_wconf 82' lang='lat' dir='ltr'>emcula.</span> <span class='ocrx_word' id='word_1_252' title='bbox 1005 1789 1073 1846; x_wconf 92' lang='lat' dir='ltr'>dicit</span> <span class='ocrx_word' id='word_1_253' title='bbox 1082 1790 1111 1846; x_wconf 93' lang='lat' dir='ltr'>in</span> <span class='ocrx_word' id='word_1_254' title='bbox 1126 1793 1203 1849; x_wconf 92' lang='lat' dir='ltr'>omni</span> <span class='ocrx_word' id='word_1_255' title='bbox 1215 1794 1341 1868; x_wconf 90' lang='lat' dir='ltr'>epistola.</span> <span class='ocrx_word' id='word_1_256' title='bbox 1350 1797 1386 1854; x_wconf 85' lang='grc' dir='ltr'>Ει</span> <span class='ocrx_word' id='word_1_257' title='bbox 1400 1799 1465 1872; x_wconf 89' lang='lat' dir='ltr'>quia</span> <span class='ocrx_word' id='word_1_258' title='bbox 1479 1800 1567 1858; x_wconf 85' lang='lat' dir='ltr'>Filius</span> <span class='ocrx_word' id='word_1_259' title='bbox 1579 1803 1629 1859; x_wconf 86' lang='lat' dir='ltr'>Oai</span> <span class='ocrx_word' id='word_1_260' title='bbox 1642 1802 1715 1860; x_wconf 88' lang='lat' dir='ltr'>idem</span> <span class='ocrx_word' id='word_1_261' title='bbox 1729 1803 1804 1862; x_wconf 85' lang='lat' dir='ltr'>filius</span> 
     </span>
     <span class='ocr_line' id='line_1_19' title="bbox 187 1871 1803 1958; baseline 0.01 -16"><span class='ocrx_word' id='word_1_262' title='bbox 187 1873 279 1945; x_wconf 65' lang='lat' dir='ltr'>(Vert-</span> <span class='ocrx_word' id='word_1_263' title='bbox 296 1873 342 1942; x_wconf 74' lang='lat'>¹9·</span> <span class='ocrx_word' id='word_1_264' title='bbox 360 1872 404 1941; x_wconf 71' lang='lat'>²⁰2</span> <span class='ocrx_word' id='word_1_265' title='bbox 421 1871 479 1945; x_wconf 77' lang='lat'>²¹·)</span> <span class='ocrx_word' id='word_1_266' title='bbox 502 1873 620 1932; x_wconf 80' lang='lat' dir='ltr'>«Saluta</span> <span class='ocrx_word' id='word_1_267' title='bbox 641 1874 807 1940; x_wconf 63' lang='lat' dir='ltr'>Priscillam.</span> <span class='ocrx_word' id='word_1_268' title='bbox 825 1883 852 1932; x_wconf 75' lang='lat' dir='ltr'>el</span> <span class='ocrx_word' id='word_1_269' title='bbox 867 1875 952 1950; x_wconf 71' lang='lat' dir='ltr'>Aqui·</span> <span class='ocrx_word' id='word_1_270' title='bbox 1005 1884 1126 1944; x_wconf 86' lang='lat' dir='ltr'>hominia</span> <span class='ocrx_word' id='word_1_271' title='bbox 1141 1896 1192 1957; x_wconf 88' lang='lat' dir='ltr'>est,</span> <span class='ocrx_word' id='word_1_272' title='bbox 1208 1889 1322 1946; x_wconf 87' lang='lat' dir='ltr'>etlesus</span> <span class='ocrx_word' id='word_1_273' title='bbox 1332 1890 1436 1950; x_wconf 87' lang='lat' dir='ltr'>dicitur</span> <span class='ocrx_word' id='word_1_274' title='bbox 1449 1903 1476 1952; x_wconf 91' lang='lat' dir='ltr'>et</span> <span class='ocrx_word' id='word_1_275' title='bbox 1486 1893 1629 1954; x_wconf 84' lang='lat' dir='ltr'>Christus:</span> <span class='ocrx_word' id='word_1_276' title='bbox 1644 1904 1675 1954; x_wconf 91' lang='lat' dir='ltr'>ut</span> <span class='ocrx_word' id='word_1_277' title='bbox 1685 1897 1803 1958; x_wconf 88' lang='lat' dir='ltr'>ethome</span> 
     </span>
     <span class='ocr_line' id='line_1_20' title="bbox 149 1965 1802 2060; baseline 0.014 -38"><span class='ocrx_word' id='word_1_278' title='bbox 149 1965 217 2036; x_wconf 91' lang='lat' dir='ltr'>lam,</span> <span class='ocrx_word' id='word_1_279' title='bbox 238 1973 266 2023; x_wconf 91' lang='lat' dir='ltr'>et</span> <span class='ocrx_word' id='word_1_280' title='bbox 289 1965 456 2038; x_wconf 90' lang='lat' dir='ltr'>Onesiphori</span> <span class='ocrx_word' id='word_1_281' title='bbox 481 1966 605 2026; x_wconf 89' lang='lat' dir='ltr'>domum.</span> <span class='ocrx_word' id='word_1_282' title='bbox 621 1968 734 2026; x_wconf 79' lang='lat' dir='ltr'>Erectus</span> <span class='ocrx_word' id='word_1_283' title='bbox 748 1971 880 2028; x_wconf 88' lang='lat' dir='ltr'>remansit</span> <span class='ocrx_word' id='word_1_284' title='bbox 894 1971 951 2030; x_wconf 82' lang='lat' dir='ltr'>Co·</span> <span class='ocrx_word' id='word_1_285' title='bbox 1006 1973 1179 2046; x_wconf 80' lang='lat' dir='ltr'>significetur</span> <span class='ocrx_word' id='word_1_286' title='bbox 1192 1984 1220 2034; x_wconf 91' lang='lat' dir='ltr'>et</span> <span class='ocrx_word' id='word_1_287' title='bbox 1232 1979 1316 2048; x_wconf 89' lang='lat' dir='ltr'>Oeus,</span> <span class='ocrx_word' id='word_1_288' title='bbox 1326 1979 1435 2040; x_wconf 89' lang='lat' dir='ltr'>duobus</span> <span class='ocrx_word' id='word_1_289' title='bbox 1449 1984 1802 2060; x_wconf 81' lang='lat' dir='ltr'>nominihuennncupatnr.</span> 
     </span>
    </p>
   </div>
   <div class='ocr_carea' id='block_1_3' title="bbox 147 2047 1803 2230">
    <p class='ocr_par' dir='ltr' id='par_1_3' title="bbox 147 2047 1803 2230">
     <span class='ocr_line' id='line_1_21' title="bbox 149 2047 1803 2153; baseline 0.018 -44"><span class='ocrx_word' id='word_1_290' title='bbox 149 2052 258 2112; x_wconf 90' lang='lat' dir='ltr'>riothi:</span> <span class='ocrx_word' id='word_1_291' title='bbox 276 2047 457 2127; x_wconf 73' lang='lat' dir='ltr'>Trophimum</span> <span class='ocrx_word' id='word_1_292' title='bbox 472 2064 563 2116; x_wconf 87' lang='lat' dir='ltr'>autem</span> <span class='ocrx_word' id='word_1_293' title='bbox 577 2056 676 2131; x_wconf 89' lang='lat' dir='ltr'>reliqui</span> <span class='ocrx_word' id='word_1_294' title='bbox 695 2057 838 2118; x_wconf 89' lang='lat' dir='ltr'>infirmum</span> <span class='ocrx_word' id='word_1_295' title='bbox 852 2060 949 2120; x_wconf 83' lang='lat' dir='ltr'>Mileti.</span> <span class='ocrx_word' id='word_1_296' title='bbox 1006 2063 1126 2138; x_wconf 87' lang='lat' dir='ltr'>Utroque</span> <span class='ocrx_word' id='word_1_297' title='bbox 1138 2072 1231 2126; x_wconf 87' lang='lat' dir='ltr'>temen</span> <span class='ocrx_word' id='word_1_298' title='bbox 1245 2070 1359 2128; x_wconf 91' lang='lat' dir='ltr'>nomine</span> <span class='ocrx_word' id='word_1_299' title='bbox 1373 2071 1494 2146; x_wconf 72' lang='lat' dir='ltr'>dignitas</span> <span class='ocrx_word' id='word_1_300' title='bbox 1510 2075 1748 2153; x_wconf 60' lang='lat' dir='ltr'>designatosque</span> <span class='ocrx_word' id='word_1_301' title='bbox 1763 2095 1803 2137; x_wconf 87' lang='lat' dir='ltr'>ra·</span> 
     </span>
     <span class='ocr_line' id='line_1_22' title="bbox 147 2141 1394 2230; baseline 0.016 -32"><span class='ocrx_word' id='word_1_302' title='bbox 147 2141 293 2202; x_wconf 84' lang='lat' dir='ltr'>Sollicitus</span> <span class='ocrx_word' id='word_1_303' title='bbox 323 2151 382 2202; x_wconf 85' lang='lat' dir='ltr'>esto</span> <span class='ocrx_word' id='word_1_304' title='bbox 404 2153 468 2204; x_wconf 89' lang='lat' dir='ltr'>ante</span> <span class='ocrx_word' id='word_1_305' title='bbox 492 2145 612 2204; x_wconf 90' lang='lat' dir='ltr'>hiemem</span> <span class='ocrx_word' id='word_1_306' title='bbox 640 2147 770 2206; x_wconf 77' lang='lat' dir='ltr'>venire·</span> <span class='ocrx_word' id='word_1_307' title='bbox 792 2150 894 2223; x_wconf 78' lang='lat' dir='ltr'>Aquila</span> <span class='ocrx_word' id='word_1_308' title='bbox 925 2159 952 2208; x_wconf 91' lang='lat' dir='ltr'>et</span> <span class='ocrx_word' id='word_1_309' title='bbox 980 2151 1080 2220; x_wconf 66' lang='lat' dir='ltr'>⁵tione</span> <span class='ocrx_word' id='word_1_310' title='bbox 1096 2163 1161 2214; x_wconf 88' lang='lat' dir='ltr'>sunt</span> <span class='ocrx_word' id='word_1_311' title='bbox 1173 2155 1394 2230; x_wconf 89' lang='lat' dir='ltr'>positenomina.</span> 
     </span>
    </p>
   </div>
   <div class='ocr_carea' id='block_1_4' title="bbox 185 2275 1095 2356">
    <p class='ocr_par' dir='ltr' id='par_1_4' title="bbox 185 2275 1095 2356">
     <span class='ocr_line' id='line_1_23' title="bbox 185 2275 1095 2356; baseline 0.011 -22"><span class='ocrx_word' id='word_1_312' title='bbox 185 2275 246 2352; x_wconf 78' lang='lat'>(85)</span> <span class='ocrx_word' id='word_1_313' title='bbox 271 2278 353 2335; x_wconf 88' lang='lat' dir='ltr'>Rom.</span> <span class='ocrx_word' id='word_1_314' title='bbox 377 2277 456 2352; x_wconf 82' lang='lat' dir='ltr'>edit,</span> <span class='ocrx_word' id='word_1_315' title='bbox 472 2297 530 2337; x_wconf 84' lang='lat' dir='ltr'>cam</span> <span class='ocrx_word' id='word_1_316' title='bbox 545 2279 642 2354; x_wconf 80' lang='lat' dir='ltr'>spiritu</span> <span class='ocrx_word' id='word_1_317' title='bbox 655 2288 710 2340; x_wconf 85' lang='lat' dir='ltr'>tuo.</span> <span class='ocrx_word' id='word_1_318' title='bbox 734 2283 831 2341; x_wconf 83' lang='lat' dir='ltr'>Oratio</span> <span class='ocrx_word' id='word_1_319' title='bbox 853 2285 1095 2356; x_wconf 66' lang='lat' dir='ltr'>rothomenses.</span> 
     </span>
    </p>
   </div>
   <div class='ocr_carea' id='block_1_5' title="bbox 151 2447 1802 2488">
    <p class='ocr_par' dir='ltr' id='par_1_5' title="bbox 151 2447 1802 2488">
     <span class='ocr_line' id='line_1_24' title="bbox 151 2447 1802 2488; baseline 0.004 -26"><span class='ocrx_word' id='word_1_320' title='bbox 151 2447 1802 2488; x_wconf 67' lang='lat'>——--------------..-.............................</span> 
     </span>
    </p>
   </div>
   <div class='ocr_carea' id='block_1_6' title="bbox 342 2597 1610 2704">
    <p class='ocr_par' dir='ltr' id='par_1_6' title="bbox 342 2597 1610 2704">
     <span class='ocr_line' id='line_1_25' title="bbox 342 2597 1610 2704; baseline 0.016 -21"><span class='ocrx_word' id='word_1_321' title='bbox 342 2597 410 2684; x_wconf 95' lang='lat' dir='ltr'>IN</span> <span class='ocrx_word' id='word_1_322' title='bbox 455 2597 842 2688; x_wconf 89' lang='lat' dir='ltr'>EPISTOLAM</span> <span class='ocrx_word' id='word_1_323' title='bbox 890 2605 949 2694; x_wconf 93' lang='lat' dir='ltr'>D.</span> <span class='ocrx_word' id='word_1_324' title='bbox 1003 2607 1205 2694; x_wconf 82' lang='lat' dir='ltr'>PAULI</span> <span class='ocrx_word' id='word_1_325' title='bbox 1248 2611 1332 2696; x_wconf 84' lang='lat' dir='ltr'>An</span> <span class='ocrx_word' id='word_1_326' title='bbox 1377 2615 1610 2704; x_wconf 89' lang='lat' dir='ltr'>TlTUM.</span> 
     </span>
    </p>
   </div>
   <div class='ocr_carea' id='block_1_7' title="bbox 142 2903 1849 4600">
    <p class='ocr_par' dir='ltr' id='par_1_7' title="bbox 142 2903 1849 4600">
     <span class='ocr_line' id='line_1_26' title="bbox 410 2903 1801 2998; baseline 0.014 -36"><span class='ocrx_word' id='word_1_327' title='bbox 410 2911 484 2971; x_wconf 77' lang='lat'>813</span> <span class='ocrx_word' id='word_1_328' title='bbox 496 2903 689 2967; x_wconf 83' lang='lat' dir='ltr'>PROLOGUS.</span> <span class='ocrx_word' id='word_1_329' title='bbox 1004 2915 1083 2980; x_wconf 89' lang='lat' dir='ltr'>cepto</span> <span class='ocrx_word' id='word_1_330' title='bbox 1106 2908 1179 2968; x_wconf 91' lang='lat' dir='ltr'>dono</span> <span class='ocrx_word' id='word_1_331' title='bbox 1200 2909 1308 2984; x_wconf 85' lang='lat' dir='ltr'>pacifici</span> <span class='ocrx_word' id='word_1_332' title='bbox 1319 2910 1388 2972; x_wconf 82' lang='lat' dir='ltr'>flant</span> <span class='ocrx_word' id='word_1_333' title='bbox 1403 2919 1476 2984; x_wconf 85' lang='lat' dir='ltr'>&#39;corp</span> <span class='ocrx_word' id='word_1_334' title='bbox 1503 2917 1561 2976; x_wconf 88' lang='lat' dir='ltr'>Deo</span> <span class='ocrx_word' id='word_1_335' title='bbox 1574 2926 1602 2977; x_wconf 89' lang='lat' dir='ltr'>et</span> <span class='ocrx_word' id='word_1_336' title='bbox 1615 2919 1712 2990; x_wconf 72' lang='lat' dir='ltr'>Patret</span> <span class='ocrx_word' id='word_1_337' title='bbox 1737 2923 1801 2998; x_wconf 88' lang='lat' dir='ltr'>quia</span> 
     </span>
     <span class='ocr_line' id='line_1_27' title="bbox 184 2999 1801 3093; baseline 0.006 -33"><span class='ocrx_word' id='word_1_338' title='bbox 184 3001 279 3061; x_wconf 78' lang='lat' dir='ltr'>Titum</span> <span class='ocrx_word' id='word_1_339' title='bbox 293 3006 444 3078; x_wconf 83' lang='lat' dir='ltr'>Apostolus</span> <span class='ocrx_word' id='word_1_340' title='bbox 458 3007 563 3064; x_wconf 87' lang='lat' dir='ltr'>creavit</span> <span class='ocrx_word' id='word_1_341' title='bbox 576 3006 735 3078; x_wconf 89' lang='lat' dir='ltr'>episcopum</span> <span class='ocrx_word' id='word_1_342' title='bbox 752 3003 811 3078; x_wconf 89' lang='grc'>(86)</span> <span class='ocrx_word' id='word_1_343' title='bbox 824 3021 831 3072; x_wconf 91' lang='grc'><strong>;</strong></span> <span class='ocrx_word' id='word_1_344' title='bbox 848 3011 874 3060; x_wconf 92' lang='lat' dir='ltr'>et</span> <span class='ocrx_word' id='word_1_345' title='bbox 890 3001 951 3062; x_wconf 81' lang='lat' dir='ltr'>ideo</span> <span class='ocrx_word' id='word_1_346' title='bbox 967 3031 989 3093; x_wconf 65' lang='lat' dir='ltr'><strong>G</strong></span> <span class='ocrx_word' id='word_1_347' title='bbox 1004 2999 1097 3056; x_wconf 90' lang='lat' dir='ltr'>omnia</span> <span class='ocrx_word' id='word_1_348' title='bbox 1121 3017 1157 3058; x_wconf 89' lang='lat' dir='ltr'>ex</span> <span class='ocrx_word' id='word_1_349' title='bbox 1178 3002 1238 3076; x_wconf 91' lang='lat' dir='ltr'>ipso</span> <span class='ocrx_word' id='word_1_350' title='bbox 1253 3011 1327 3074; x_wconf 90' lang='lat' dir='ltr'>sunt,</span> <span class='ocrx_word' id='word_1_351' title='bbox 1342 3013 1369 3062; x_wconf 90' lang='lat' dir='ltr'>et</span> <span class='ocrx_word' id='word_1_352' title='bbox 1387 3005 1499 3065; x_wconf 87' lang='lat' dir='ltr'>Christo</span> <span class='ocrx_word' id='word_1_353' title='bbox 1511 3008 1575 3066; x_wconf 84' lang='lat' dir='ltr'>lesu</span> <span class='ocrx_word' id='word_1_354' title='bbox 1589 3009 1730 3070; x_wconf 89' lang='lat' dir='ltr'>Salvatore</span> <span class='ocrx_word' id='word_1_355' title='bbox 1744 3029 1801 3070; x_wconf 88' lang='lat' dir='ltr'>uo-</span> 
     </span>
     <span class='ocr_line' id='line_1_28' title="bbox 149 3089 1620 3166; baseline 0.007 -16"><span class='ocrx_word' id='word_1_356' title='bbox 149 3102 308 3150; x_wconf 89' lang='lat' dir='ltr'>commonet</span> <span class='ocrx_word' id='word_1_357' title='bbox 331 3109 406 3163; x_wconf 89' lang='lat' dir='ltr'>eum,</span> <span class='ocrx_word' id='word_1_358' title='bbox 437 3102 470 3150; x_wconf 91' lang='lat' dir='ltr'>nt</span> <span class='ocrx_word' id='word_1_359' title='bbox 490 3095 526 3150; x_wconf 89' lang='lat' dir='ltr'>sit</span> <span class='ocrx_word' id='word_1_360' title='bbox 554 3094 691 3150; x_wconf 90' lang='lat' dir='ltr'>sollicitus</span> <span class='ocrx_word' id='word_1_361' title='bbox 716 3091 745 3150; x_wconf 90' lang='lat' dir='ltr'>in</span> <span class='ocrx_word' id='word_1_362' title='bbox 765 3094 951 3152; x_wconf 88' lang='lat' dir='ltr'>ecclesiastica</span> <span class='ocrx_word' id='word_1_363' title='bbox 1003 3097 1071 3158; x_wconf 69' lang='lat'>⁸²1⁰,</span> <span class='ocrx_word' id='word_1_364' title='bbox 1088 3089 1153 3164; x_wconf 69' lang='lat' dir='ltr'>(luit</span> <span class='ocrx_word' id='word_1_365' title='bbox 1166 3099 1195 3148; x_wconf 73' lang='lat' dir='ltr'>tt</span> <span class='ocrx_word' id='word_1_366' title='bbox 1210 3091 1267 3166; x_wconf 72' lang='lat' dir='ltr'>itte</span> <span class='ocrx_word' id='word_1_367' title='bbox 1282 3093 1411 3154; x_wconf 76' lang='lat' dir='ltr'>liberavit</span> <span class='ocrx_word' id='word_1_368' title='bbox 1426 3113 1476 3154; x_wconf 78' lang='lat' dir='ltr'>noe</span> <span class='ocrx_word' id='word_1_369' title='bbox 1490 3114 1507 3155; x_wconf 76' lang='lat' dir='ltr'>a</span> <span class='ocrx_word' id='word_1_370' title='bbox 1522 3107 1620 3157; x_wconf 80' lang='lat' dir='ltr'>morte.</span> 
     </span>
     <span class='ocr_line' id='line_1_29' title="bbox 150 3179 1804 3264; baseline 0.01 -28"><span class='ocrx_word' id='word_1_371' title='bbox 150 3179 349 3238; x_wconf 89' lang='lat' dir='ltr'>ordinatione:</span> <span class='ocrx_word' id='word_1_372' title='bbox 375 3179 405 3236; x_wconf 94' lang='lat' dir='ltr'>id</span> <span class='ocrx_word' id='word_1_373' title='bbox 423 3189 474 3250; x_wconf 90' lang='lat' dir='ltr'>est,</span> <span class='ocrx_word' id='word_1_374' title='bbox 497 3181 531 3238; x_wconf 93' lang='lat' dir='ltr'>ad</span> <span class='ocrx_word' id='word_1_375' title='bbox 549 3181 681 3256; x_wconf 87' lang='lat' dir='ltr'>quosdam</span> <span class='ocrx_word' id='word_1_376' title='bbox 701 3181 748 3256; x_wconf 89' lang='lat' dir='ltr'>qni</span> <span class='ocrx_word' id='word_1_377' title='bbox 774 3180 950 3240; x_wconf 86' lang='lat' dir='ltr'>simulatione</span> <span class='ocrx_word' id='word_1_378' title='bbox 1041 3180 1133 3252; x_wconf 74' lang='lat' dir='ltr'>(Vere.</span> <span class='ocrx_word' id='word_1_379' title='bbox 1147 3181 1241 3256; x_wconf 75' lang='lat' dir='ltr'>t-tl.)</span> <span class='ocrx_word' id='word_1_380' title='bbox 1263 3185 1376 3258; x_wconf 75' lang='lat' dir='ltr'>«Hujus</span> <span class='ocrx_word' id='word_1_381' title='bbox 1391 3187 1429 3245; x_wconf 88' lang='lat' dir='ltr'>rei</span> <span class='ocrx_word' id='word_1_382' title='bbox 1444 3189 1531 3262; x_wconf 78' lang='lat' dir='ltr'>gratie</span> <span class='ocrx_word' id='word_1_383' title='bbox 1545 3190 1645 3264; x_wconf 86' lang='lat' dir='ltr'>reliqui</span> <span class='ocrx_word' id='word_1_384' title='bbox 1659 3199 1687 3248; x_wconf 90' lang='lat' dir='ltr'>te</span> <span class='ocrx_word' id='word_1_385' title='bbox 1704 3193 1804 3264; x_wconf 84' lang='lat' dir='ltr'>Cretae,</span> 
     </span>
     <span class='ocr_line' id='line_1_30' title="bbox 149 3268 1804 3354; baseline 0.011 -31"><span class='ocrx_word' id='word_1_386' title='bbox 149 3271 270 3344; x_wconf 86' lang='lat' dir='ltr'>quadam</span> <span class='ocrx_word' id='word_1_387' title='bbox 297 3268 395 3340; x_wconf 79' lang='lat' dir='ltr'>dignos</span> <span class='ocrx_word' id='word_1_388' title='bbox 409 3284 438 3325; x_wconf 90' lang='lat' dir='ltr'>se</span> <span class='ocrx_word' id='word_1_389' title='bbox 450 3275 598 3339; x_wconf 87' lang='lat' dir='ltr'>ostentant,</span> <span class='ocrx_word' id='word_1_390' title='bbox 613 3277 645 3326; x_wconf 90' lang='lat' dir='ltr'>ut</span> <span class='ocrx_word' id='word_1_391' title='bbox 658 3271 804 3329; x_wconf 90' lang='lat' dir='ltr'>sublimem</span> <span class='ocrx_word' id='word_1_392' title='bbox 823 3270 949 3329; x_wconf 85' lang='lat' dir='ltr'>ordinem</span> <span class='ocrx_word' id='word_1_393' title='bbox 1003 3277 1036 3327; x_wconf 91' lang='grc' dir='ltr'>ιι</span> <span class='ocrx_word' id='word_1_394' title='bbox 1049 3287 1081 3328; x_wconf 87' lang='lat' dir='ltr'>ea</span> <span class='ocrx_word' id='word_1_395' title='bbox 1094 3287 1155 3344; x_wconf 88' lang='lat' dir='ltr'>quae</span> <span class='ocrx_word' id='word_1_396' title='bbox 1168 3272 1279 3344; x_wconf 76' lang='lat' dir='ltr'>dmoni,</span> <span class='ocrx_word' id='word_1_397' title='bbox 1291 3276 1421 3349; x_wconf 81' lang='lat' dir='ltr'>corrigas,</span> <span class='ocrx_word' id='word_1_398' title='bbox 1431 3285 1458 3334; x_wconf 92' lang='lat' dir='ltr'>et</span> <span class='ocrx_word' id='word_1_399' title='bbox 1471 3279 1623 3338; x_wconf 87' lang='lat' dir='ltr'>constituas</span> <span class='ocrx_word' id='word_1_400' title='bbox 1637 3297 1685 3354; x_wconf 90' lang='lat' dir='ltr'>per</span> <span class='ocrx_word' id='word_1_401' title='bbox 1698 3282 1804 3341; x_wconf 90' lang='lat' dir='ltr'>civita-</span> 
     </span>
     <span class='ocr_line' id='line_1_31' title="bbox 151 3355 1804 3446; baseline 0.01 -32"><span class='ocrx_word' id='word_1_402' title='bbox 151 3364 289 3424; x_wconf 90' lang='lat' dir='ltr'>teneant;</span> <span class='ocrx_word' id='word_1_403' title='bbox 313 3355 451 3432; x_wconf 87' lang='lat' dir='ltr'>simulque</span> <span class='ocrx_word' id='word_1_404' title='bbox 468 3365 496 3416; x_wconf 90' lang='lat' dir='ltr'>et</span> <span class='ocrx_word' id='word_1_405' title='bbox 518 3358 661 3417; x_wconf 75' lang='lat' dir='ltr'>hereticos</span> <span class='ocrx_word' id='word_1_406' title='bbox 682 3375 717 3417; x_wconf 83' lang='lat' dir='ltr'>ex</span> <span class='ocrx_word' id='word_1_407' title='bbox 739 3361 949 3418; x_wconf 89' lang='lat' dir='ltr'>circumcisione</span> <span class='ocrx_word' id='word_1_408' title='bbox 1004 3365 1044 3416; x_wconf 89' lang='lat' dir='ltr'>tes</span> <span class='ocrx_word' id='word_1_409' title='bbox 1066 3361 1252 3434; x_wconf 83' lang='lat' dir='ltr'>presbyteros,</span> <span class='ocrx_word' id='word_1_410' title='bbox 1274 3363 1346 3421; x_wconf 88' lang='lat' dir='ltr'>sicut</span> <span class='ocrx_word' id='word_1_411' title='bbox 1360 3371 1388 3422; x_wconf 90' lang='lat' dir='ltr'>et</span> <span class='ocrx_word' id='word_1_412' title='bbox 1410 3383 1460 3440; x_wconf 76' lang='lat' dir='ltr'>eqo</span> <span class='ocrx_word' id='word_1_413' title='bbox 1484 3367 1536 3426; x_wconf 92' lang='lat' dir='ltr'>tihi</span> <span class='ocrx_word' id='word_1_414' title='bbox 1549 3368 1683 3442; x_wconf 82' lang='lat' dir='ltr'>disposul.</span> <span class='ocrx_word' id='word_1_415' title='bbox 1697 3371 1727 3428; x_wconf 89' lang='lat' dir='ltr'>Si</span> <span class='ocrx_word' id='word_1_416' title='bbox 1741 3373 1804 3446; x_wconf 88' lang='lat' dir='ltr'>qnle</span> 
     </span>
     <span class='ocr_line' id='line_1_32' title="bbox 152 3441 1803 3526; baseline 0.009 -23"><span class='ocrx_word' id='word_1_417' title='bbox 152 3441 351 3519; x_wconf 89' lang='lat' dir='ltr'>corripiendos.</span> <span class='ocrx_word' id='word_1_418' title='bbox 1003 3454 1044 3506; x_wconf 85' lang='lat' dir='ltr'>eat</span> <span class='ocrx_word' id='word_1_419' title='bbox 1064 3449 1124 3508; x_wconf 87' lang='lat' dir='ltr'>sine</span> <span class='ocrx_word' id='word_1_420' title='bbox 1142 3451 1269 3520; x_wconf 86' lang='lat' dir='ltr'>crimine,</span> <span class='ocrx_word' id='word_1_421' title='bbox 1288 3453 1372 3510; x_wconf 87' lang='lat' dir='ltr'>nnius</span> <span class='ocrx_word' id='word_1_422' title='bbox 1396 3455 1522 3514; x_wconf 84' lang='lat' dir='ltr'>mulieris</span> <span class='ocrx_word' id='word_1_423' title='bbox 1536 3457 1590 3526; x_wconf 90' lang='lat' dir='ltr'>vir,</span> <span class='ocrx_word' id='word_1_424' title='bbox 1608 3455 1682 3516; x_wconf 84' lang='lat' dir='ltr'>lilios</span> <span class='ocrx_word' id='word_1_425' title='bbox 1699 3459 1803 3518; x_wconf 79' lang='lat' dir='ltr'>hebens</span> 
     </span>
     <span class='ocr_line' id='line_1_33' title="bbox 1002 3535 1849 3615; baseline 0.015 -21"><span class='ocrx_word' id='word_1_426' title='bbox 1002 3535 1107 3608; x_wconf 88' lang='lat' dir='ltr'>fideles,</span> <span class='ocrx_word' id='word_1_427' title='bbox 1128 3557 1185 3597; x_wconf 90' lang='lat' dir='ltr'>non</span> <span class='ocrx_word' id='word_1_428' title='bbox 1208 3541 1237 3598; x_wconf 91' lang='lat' dir='ltr'>in</span> <span class='ocrx_word' id='word_1_429' title='bbox 1262 3543 1436 3600; x_wconf 84' lang='lat' dir='ltr'>accusatione</span> <span class='ocrx_word' id='word_1_430' title='bbox 1457 3544 1587 3615; x_wconf 75' lang='lat' dir='ltr'>luxurie,</span> <span class='ocrx_word' id='word_1_431' title='bbox 1611 3554 1660 3604; x_wconf 90' lang='lat' dir='ltr'>aot</span> <span class='ocrx_word' id='word_1_432' title='bbox 1687 3547 1803 3606; x_wconf 81' lang='lat' dir='ltr'>inobse-</span> <span class='ocrx_word' id='word_1_433' title='bbox 1845 3549 1849 3556; x_wconf 88' lang='lat'>&#39;</span> 
     </span>
     <span class='ocr_line' id='line_1_34' title="bbox 410 3589 1802 3708; baseline 0.014 -31"><span class='ocrx_word' id='word_1_434' title='bbox 410 3589 525 3650; x_wconf 61' lang='lat' dir='ltr'>CAPUT</span> <span class='ocrx_word' id='word_1_435' title='bbox 543 3590 689 3650; x_wconf 61' lang='lat' dir='ltr'>PRIMUM·</span> <span class='ocrx_word' id='word_1_436' title='bbox 1002 3635 1126 3699; x_wconf 88' lang='lat' dir='ltr'>quentea.</span> <span class='ocrx_word' id='word_1_437' title='bbox 1154 3629 1268 3702; x_wconf 89' lang='lat' dir='ltr'>Oportet</span> <span class='ocrx_word' id='word_1_438' title='bbox 1295 3633 1370 3689; x_wconf 90' lang='lat' dir='ltr'>enim</span> <span class='ocrx_word' id='word_1_439' title='bbox 1402 3632 1562 3708; x_wconf 90' lang='lat' dir='ltr'>episcopum</span> <span class='ocrx_word' id='word_1_440' title='bbox 1595 3636 1655 3693; x_wconf 84' lang='lat' dir='ltr'>aine</span> <span class='ocrx_word' id='word_1_441' title='bbox 1685 3638 1802 3698; x_wconf 82' lang='lat' dir='ltr'>ctimim</span> 
     </span>
     <span class='ocr_line' id='line_1_35' title="bbox 185 3717 1801 3800; baseline 0.008 -25"><span class='ocrx_word' id='word_1_442' title='bbox 185 3717 276 3790; x_wconf 84' lang='lat' dir='ltr'>(Vere.</span> <span class='ocrx_word' id='word_1_443' title='bbox 294 3717 363 3794; x_wconf 73' lang='grc' dir='ltr'>ιι.)</span> <span class='ocrx_word' id='word_1_444' title='bbox 386 3719 947 3792; x_wconf 72' lang='lat' dir='ltr'>1PaulnsservnsOei,apostolnsentem</span> <span class='ocrx_word' id='word_1_445' title='bbox 1001 3731 1069 3786; x_wconf 88' lang='lat' dir='ltr'>esse,</span> <span class='ocrx_word' id='word_1_446' title='bbox 1085 3717 1157 3776; x_wconf 91' lang='lat' dir='ltr'>sicut</span> <span class='ocrx_word' id='word_1_447' title='bbox 1170 3720 1225 3794; x_wconf 86' lang='lat' dir='ltr'>Oei</span> <span class='ocrx_word' id='word_1_448' title='bbox 1234 3721 1467 3794; x_wconf 84' lang='lat' dir='ltr'>dispensatorem:</span> <span class='ocrx_word' id='word_1_449' title='bbox 1483 3743 1540 3784; x_wconf 89' lang='lat' dir='ltr'>non</span> <span class='ocrx_word' id='word_1_450' title='bbox 1556 3735 1727 3800; x_wconf 88' lang='lat' dir='ltr'>protervum,</span> <span class='ocrx_word' id='word_1_451' title='bbox 1745 3746 1801 3788; x_wconf 91' lang='lat' dir='ltr'>non</span> 
     </span>
     <span class='ocr_line' id='line_1_36' title="bbox 144 3805 1800 3891; baseline 0.007 -25"><span class='ocrx_word' id='word_1_452' title='bbox 144 3809 211 3866; x_wconf 81' lang='lat' dir='ltr'>lesu</span> <span class='ocrx_word' id='word_1_453' title='bbox 240 3807 344 3866; x_wconf 87' lang='lat' dir='ltr'>Christi</span> <span class='ocrx_word' id='word_1_454' title='bbox 372 3807 523 3866; x_wconf 73' lang='lat' dir='ltr'>meandum</span> <span class='ocrx_word' id='word_1_455' title='bbox 551 3809 634 3867; x_wconf 86' lang='lat' dir='ltr'>iidem</span> <span class='ocrx_word' id='word_1_456' title='bbox 660 3811 811 3868; x_wconf 90' lang='lat' dir='ltr'>electorum</span> <span class='ocrx_word' id='word_1_457' title='bbox 831 3811 892 3880; x_wconf 85' lang='lat' dir='ltr'>Dei,</span> <span class='ocrx_word' id='word_1_458' title='bbox 921 3819 947 3868; x_wconf 91' lang='lat' dir='ltr'>et</span> <span class='ocrx_word' id='word_1_459' title='bbox 1001 3805 1176 3878; x_wconf 78' lang='lat' dir='ltr'>necandum,</span> <span class='ocrx_word' id='word_1_460' title='bbox 1193 3826 1249 3868; x_wconf 93' lang='lat' dir='ltr'>non</span> <span class='ocrx_word' id='word_1_461' title='bbox 1276 3813 1343 3870; x_wconf 92' lang='lat' dir='ltr'>vino</span> <span class='ocrx_word' id='word_1_462' title='bbox 1371 3813 1509 3885; x_wconf 88' lang='lat' dir='ltr'>deditum,</span> <span class='ocrx_word' id='word_1_463' title='bbox 1531 3833 1586 3874; x_wconf 91' lang='lat' dir='ltr'>non</span> <span class='ocrx_word' id='word_1_464' title='bbox 1601 3835 1800 3891; x_wconf 85' lang='lat' dir='ltr'>percussorem,</span> 
     </span>
     <span class='ocr_line' id='line_1_37' title="bbox 145 3897 1799 3982; baseline 0.005 -26"><span class='ocrx_word' id='word_1_465' title='bbox 145 3897 318 3972; x_wconf 75' lang='lat' dir='ltr'>agnitionem</span> <span class='ocrx_word' id='word_1_466' title='bbox 332 3899 458 3956; x_wconf 89' lang='lat' dir='ltr'>veritatis</span> <span class='ocrx_word' id='word_1_467' title='bbox 482 3898 551 3972; x_wconf 86' lang='lat' dir='ltr'>ejus,</span> <span class='ocrx_word' id='word_1_468' title='bbox 568 3917 628 3974; x_wconf 86' lang='lat' dir='ltr'>qnae</span> <span class='ocrx_word' id='word_1_469' title='bbox 647 3899 798 3957; x_wconf 88' lang='lat' dir='ltr'>secundum</span> <span class='ocrx_word' id='word_1_470' title='bbox 818 3900 947 3972; x_wconf 86' lang='lat' dir='ltr'>pietatem</span> <span class='ocrx_word' id='word_1_471' title='bbox 1001 3911 1057 3978; x_wconf 82' lang='lat' dir='ltr'>non</span> <span class='ocrx_word' id='word_1_472' title='bbox 1084 3899 1177 3971; x_wconf 89' lang='lat' dir='ltr'>turpia</span> <span class='ocrx_word' id='word_1_473' title='bbox 1212 3901 1289 3960; x_wconf 87' lang='lat' dir='ltr'>lucra</span> <span class='ocrx_word' id='word_1_474' title='bbox 1320 3912 1515 3977; x_wconf 87' lang='lat' dir='ltr'>appetentem:</span> <span class='ocrx_word' id='word_1_475' title='bbox 1549 3908 1597 3966; x_wconf 84' lang='lat' dir='ltr'>sed</span> <span class='ocrx_word' id='word_1_476' title='bbox 1624 3909 1799 3982; x_wconf 79' lang='lat' dir='ltr'>hospitalem,</span> 
     </span>
     <span class='ocr_line' id='line_1_38' title="bbox 145 3985 1802 4067; baseline 0.002 -21"><span class='ocrx_word' id='word_1_477' title='bbox 145 3996 186 4046; x_wconf 89' lang='lat' dir='ltr'>est</span> <span class='ocrx_word' id='word_1_478' title='bbox 199 3987 231 4045; x_wconf 90' lang='lat' dir='ltr'>iu</span> <span class='ocrx_word' id='word_1_479' title='bbox 244 4004 321 4061; x_wconf 88' lang='lat' dir='ltr'>spem</span> <span class='ocrx_word' id='word_1_480' title='bbox 335 3988 400 4045; x_wconf 82' lang='lat' dir='ltr'>vitm</span> <span class='ocrx_word' id='word_1_481' title='bbox 414 3995 523 4045; x_wconf 80' lang='lat' dir='ltr'>eternae</span> <span class='ocrx_word' id='word_1_482' title='bbox 537 4005 619 4062; x_wconf 92' lang='lat' dir='ltr'>quam</span> <span class='ocrx_word' id='word_1_483' title='bbox 635 3989 762 4062; x_wconf 86' lang='lat' dir='ltr'>promisit</span> <span class='ocrx_word' id='word_1_484' title='bbox 774 3990 848 4046; x_wconf 90' lang='lat' dir='ltr'>Dens</span> <span class='ocrx_word' id='word_1_485' title='bbox 862 4005 948 4049; x_wconf 72' lang='lat' dir='ltr'>veras</span> <span class='ocrx_word' id='word_1_486' title='bbox 1000 3985 1161 4059; x_wconf 80' lang='lat' dir='ltr'>benignum,</span> <span class='ocrx_word' id='word_1_487' title='bbox 1177 3990 1350 4062; x_wconf 88' lang='lat' dir='ltr'>prodentem,</span> <span class='ocrx_word' id='word_1_488' title='bbox 1362 3993 1480 4067; x_wconf 82' lang='lat' dir='ltr'>justum,</span> <span class='ocrx_word' id='word_1_489' title='bbox 1492 4004 1630 4063; x_wconf 86' lang='lat' dir='ltr'>sanctum,</span> <span class='ocrx_word' id='word_1_490' title='bbox 1650 3997 1802 4053; x_wconf 87' lang='lat' dir='ltr'>continen-</span> 
     </span>
     <span class='ocr_line' id='line_1_39' title="bbox 144 4079 1802 4159; baseline -0.007 -21"><span class='ocrx_word' id='word_1_491' title='bbox 144 4087 208 4138; x_wconf 87' lang='lat' dir='ltr'>ante</span> <span class='ocrx_word' id='word_1_492' title='bbox 232 4087 357 4152; x_wconf 85' lang='lat' dir='ltr'>tempora</span> <span class='ocrx_word' id='word_1_493' title='bbox 380 4079 523 4138; x_wconf 78' lang='lat' dir='ltr'>saecularia</span> <span class='ocrx_word' id='word_1_494' title='bbox 537 4097 543 4135; x_wconf 89' lang='lat'>:</span> <span class='ocrx_word' id='word_1_495' title='bbox 559 4079 748 4138; x_wconf 82' lang='lat' dir='ltr'>manifestavit</span> <span class='ocrx_word' id='word_1_496' title='bbox 762 4087 852 4138; x_wconf 85' lang='lat' dir='ltr'>eutem</span> <span class='ocrx_word' id='word_1_497' title='bbox 872 4089 947 4138; x_wconf 83' lang='grc' dir='ltr'>ιιιι-</span> <span class='ocrx_word' id='word_1_498' title='bbox 1000 4083 1068 4143; x_wconf 91' lang='lat' dir='ltr'>tem,</span> <span class='ocrx_word' id='word_1_499' title='bbox 1088 4085 1210 4138; x_wconf 89' lang='lat' dir='ltr'>tenacem</span> <span class='ocrx_word' id='word_1_500' title='bbox 1223 4079 1282 4153; x_wconf 88' lang='lat' dir='ltr'>ejus</span> <span class='ocrx_word' id='word_1_501' title='bbox 1301 4086 1446 4154; x_wconf 85' lang='lat' dir='ltr'>sermonis,</span> <span class='ocrx_word' id='word_1_502' title='bbox 1459 4085 1508 4159; x_wconf 85' lang='lat' dir='ltr'>qui</span> <span class='ocrx_word' id='word_1_503' title='bbox 1522 4085 1674 4142; x_wconf 73' lang='lat' dir='ltr'>monadum</span> <span class='ocrx_word' id='word_1_504' title='bbox 1691 4081 1802 4141; x_wconf 62' lang='lat' dir='ltr'>doctri..</span> 
     </span>
     <span class='ocr_line' id='line_1_40' title="bbox 144 4165 1801 4244; baseline -0.001 -16"><span class='ocrx_word' id='word_1_505' title='bbox 144 4168 260 4242; x_wconf 80' lang='lat' dir='ltr'>perihue</span> <span class='ocrx_word' id='word_1_506' title='bbox 281 4167 341 4226; x_wconf 86' lang='lat' dir='ltr'>suia</span> <span class='ocrx_word' id='word_1_507' title='bbox 359 4168 389 4226; x_wconf 95' lang='lat' dir='ltr'>in</span> <span class='ocrx_word' id='word_1_508' title='bbox 406 4167 601 4240; x_wconf 87' lang='lat' dir='ltr'>praedicatione</span> <span class='ocrx_word' id='word_1_509' title='bbox 626 4167 741 4227; x_wconf 88' lang='lat' dir='ltr'>verbum</span> <span class='ocrx_word' id='word_1_510' title='bbox 760 4185 853 4238; x_wconf 87' lang='lat' dir='ltr'>suum,</span> <span class='ocrx_word' id='word_1_511' title='bbox 872 4169 946 4243; x_wconf 92' lang='lat' dir='ltr'>quod</span> <span class='ocrx_word' id='word_1_512' title='bbox 1000 4181 1065 4224; x_wconf 84' lang='lat' dir='ltr'>nam</span> <span class='ocrx_word' id='word_1_513' title='bbox 1079 4165 1170 4226; x_wconf 87' lang='lat' dir='ltr'>fidelis</span> <span class='ocrx_word' id='word_1_514' title='bbox 1185 4178 1239 4237; x_wconf 73' lang='lat' dir='ltr'>esta</span> <span class='ocrx_word' id='word_1_515' title='bbox 1256 4182 1288 4232; x_wconf 90' lang='grc' dir='ltr'>ιι</span> <span class='ocrx_word' id='word_1_516' title='bbox 1301 4183 1398 4244; x_wconf 86' lang='lat' dir='ltr'>potens</span> <span class='ocrx_word' id='word_1_517' title='bbox 1422 4173 1460 4230; x_wconf 90' lang='lat' dir='ltr'>eit</span> <span class='ocrx_word' id='word_1_518' title='bbox 1473 4171 1615 4229; x_wconf 79' lang='lat' dir='ltr'>exhortari</span> <span class='ocrx_word' id='word_1_519' title='bbox 1631 4172 1660 4226; x_wconf 93' lang='lat' dir='ltr'>in</span> <span class='ocrx_word' id='word_1_520' title='bbox 1675 4169 1801 4228; x_wconf 87' lang='lat' dir='ltr'>doctrine</span> 
     </span>
     <span class='ocr_line' id='line_1_41' title="bbox 143 4257 1800 4330; baseline 0.002 -15"><span class='ocrx_word' id='word_1_521' title='bbox 143 4257 283 4315; x_wconf 90' lang='lat' dir='ltr'>creditum</span> <span class='ocrx_word' id='word_1_522' title='bbox 306 4264 349 4314; x_wconf 89' lang='lat' dir='ltr'>est</span> <span class='ocrx_word' id='word_1_523' title='bbox 374 4257 455 4326; x_wconf 85' lang='lat' dir='ltr'>mihi,</span> <span class='ocrx_word' id='word_1_524' title='bbox 468 4257 624 4315; x_wconf 88' lang='lat' dir='ltr'>secuudum</span> <span class='ocrx_word' id='word_1_525' title='bbox 638 4257 947 4330; x_wconf 75' lang='lat' dir='ltr'>preceptumSalvato·</span> <span class='ocrx_word' id='word_1_526' title='bbox 1001 4271 1077 4325; x_wconf 86' lang='lat' dir='ltr'>saue,</span> <span class='ocrx_word' id='word_1_527' title='bbox 1110 4265 1138 4314; x_wconf 91' lang='lat' dir='ltr'>at</span> <span class='ocrx_word' id='word_1_528' title='bbox 1176 4260 1397 4321; x_wconf 87' lang='lat' dir='ltr'>contradicentes</span> <span class='ocrx_word' id='word_1_529' title='bbox 1434 4260 1587 4317; x_wconf 80' lang='lat' dir='ltr'>revincere.</span> <span class='ocrx_word' id='word_1_530' title='bbox 1625 4259 1696 4317; x_wconf 79' lang='lat' dir='ltr'>Sunt</span> <span class='ocrx_word' id='word_1_531' title='bbox 1725 4260 1800 4318; x_wconf 87' lang='lat' dir='ltr'>enim</span> 
     </span>
     <span class='ocr_line' id='line_1_42' title="bbox 143 4343 1799 4422; baseline 0.004 -21"><span class='ocrx_word' id='word_1_532' title='bbox 143 4344 180 4402; x_wconf 89' lang='lat' dir='ltr'>ris</span> <span class='ocrx_word' id='word_1_533' title='bbox 203 4345 295 4404; x_wconf 84' lang='lat' dir='ltr'>nostri</span> <span class='ocrx_word' id='word_1_534' title='bbox 308 4343 380 4402; x_wconf 86' lang='lat' dir='ltr'>Dei:</span> <span class='ocrx_word' id='word_1_535' title='bbox 397 4344 460 4400; x_wconf 84' lang='lat' dir='ltr'>Tito</span> <span class='ocrx_word' id='word_1_536' title='bbox 475 4361 604 4417; x_wconf 74' lang='lat' dir='ltr'>germano</span> <span class='ocrx_word' id='word_1_537' title='bbox 626 4345 686 4404; x_wconf 87' lang='lat' dir='ltr'>lilio</span> <span class='ocrx_word' id='word_1_538' title='bbox 699 4345 850 4404; x_wconf 88' lang='lat' dir='ltr'>secondum</span> <span class='ocrx_word' id='word_1_539' title='bbox 866 4363 946 4404; x_wconf 91' lang='lat' dir='ltr'>oom-</span> <span class='ocrx_word' id='word_1_540' title='bbox 1000 4345 1082 4402; x_wconf 89' lang='lat' dir='ltr'>multi</span> <span class='ocrx_word' id='word_1_541' title='bbox 1110 4363 1167 4406; x_wconf 91' lang='lat' dir='ltr'>non</span> <span class='ocrx_word' id='word_1_542' title='bbox 1198 4347 1368 4415; x_wconf 85' lang='lat' dir='ltr'>obedientes,</span> <span class='ocrx_word' id='word_1_543' title='bbox 1400 4347 1544 4420; x_wconf 85' lang='lat' dir='ltr'>vaniloqui</span> <span class='ocrx_word' id='word_1_544' title='bbox 1575 4357 1602 4408; x_wconf 90' lang='lat' dir='ltr'>et</span> <span class='ocrx_word' id='word_1_545' title='bbox 1632 4349 1799 4422; x_wconf 87' lang='lat' dir='ltr'>seductores,</span> 
     </span>
     <span class='ocr_line' id='line_1_43' title="bbox 142 4399 1800 4513; baseline 0.002 -19"><span class='ocrx_word' id='word_1_546' title='bbox 142 4451 259 4494; x_wconf 89' lang='lat' dir='ltr'>munem</span> <span class='ocrx_word' id='word_1_547' title='bbox 273 4434 368 4492; x_wconf 86' lang='lat' dir='ltr'>fidem.</span> <span class='ocrx_word' id='word_1_548' title='bbox 384 4434 479 4492; x_wconf 88' lang='lat' dir='ltr'>Gratia</span> <span class='ocrx_word' id='word_1_549' title='bbox 491 4441 519 4490; x_wconf 91' lang='lat' dir='ltr'>et</span> <span class='ocrx_word' id='word_1_550' title='bbox 532 4448 587 4506; x_wconf 83' lang='lat' dir='ltr'>pax</span> <span class='ocrx_word' id='word_1_551' title='bbox 601 4449 617 4490; x_wconf 90' lang='lat' dir='ltr'>a</span> <span class='ocrx_word' id='word_1_552' title='bbox 630 4435 688 4492; x_wconf 87' lang='lat' dir='ltr'>Deo</span> <span class='ocrx_word' id='word_1_553' title='bbox 707 4433 796 4503; x_wconf 88' lang='lat' dir='ltr'>Patre,</span> <span class='ocrx_word' id='word_1_554' title='bbox 811 4443 839 4492; x_wconf 93' lang='lat' dir='ltr'>et</span> <span class='ocrx_word' id='word_1_555' title='bbox 852 4437 945 4496; x_wconf 88' lang='lat' dir='ltr'>Domi·</span> <span class='ocrx_word' id='word_1_556' title='bbox 960 4399 985 4458; x_wconf 74' lang='lat' dir='ltr'>D</span> <span class='ocrx_word' id='word_1_557' title='bbox 1000 4436 1121 4496; x_wconf 82' lang='lat' dir='ltr'>maxime</span> <span class='ocrx_word' id='word_1_558' title='bbox 1136 4437 1157 4494; x_wconf 91' lang='lat' dir='ltr'>ii</span> <span class='ocrx_word' id='word_1_559' title='bbox 1169 4436 1217 4510; x_wconf 91' lang='lat' dir='ltr'>qui</span> <span class='ocrx_word' id='word_1_560' title='bbox 1232 4442 1299 4494; x_wconf 90' lang='lat' dir='ltr'>aunt</span> <span class='ocrx_word' id='word_1_561' title='bbox 1312 4453 1347 4493; x_wconf 87' lang='lat' dir='ltr'>ox</span> <span class='ocrx_word' id='word_1_562' title='bbox 1362 4437 1584 4507; x_wconf 86' lang='lat' dir='ltr'>circumcisione,</span> <span class='ocrx_word' id='word_1_563' title='bbox 1608 4456 1678 4513; x_wconf 85' lang='lat' dir='ltr'>quoe</span> <span class='ocrx_word' id='word_1_564' title='bbox 1692 4447 1800 4513; x_wconf 86' lang='lat' dir='ltr'>oportet</span> 
     </span>
     <span class='ocr_line' id='line_1_44' title="bbox 143 4522 1800 4600; baseline 0.004 -18"><span class='ocrx_word' id='word_1_565' title='bbox 143 4543 178 4584; x_wconf 91' lang='lat' dir='ltr'>no</span> <span class='ocrx_word' id='word_1_566' title='bbox 192 4526 261 4586; x_wconf 76' lang='lat' dir='ltr'>deso</span> <span class='ocrx_word' id='word_1_567' title='bbox 271 4523 381 4582; x_wconf 89' lang='lat' dir='ltr'>Christo</span> <span class='ocrx_word' id='word_1_568' title='bbox 396 4522 671 4582; x_wconf 80' lang='lat' dir='ltr'>Salvatorenoatro.»</span> <span class='ocrx_word' id='word_1_569' title='bbox 685 4524 830 4582; x_wconf 88' lang='lat' dir='ltr'>Decretum</span> <span class='ocrx_word' id='word_1_570' title='bbox 840 4525 944 4584; x_wconf 85' lang='lat' dir='ltr'>donum</span> <span class='ocrx_word' id='word_1_571' title='bbox 999 4524 1127 4598; x_wconf 70' lang='lat' dir='ltr'>redargui</span> <span class='ocrx_word' id='word_1_572' title='bbox 1139 4544 1146 4583; x_wconf 90' lang='lat'>:</span> <span class='ocrx_word' id='word_1_573' title='bbox 1158 4527 1206 4599; x_wconf 92' lang='lat' dir='ltr'>qui</span> <span class='ocrx_word' id='word_1_574' title='bbox 1214 4527 1359 4586; x_wconf 83' lang='lat' dir='ltr'>universas</span> <span class='ocrx_word' id='word_1_575' title='bbox 1373 4527 1470 4586; x_wconf 84' lang='lat' dir='ltr'>domos</span> <span class='ocrx_word' id='word_1_576' title='bbox 1484 4529 1661 4600; x_wconf 76' lang='lat' dir='ltr'>subvertunt,</span> <span class='ocrx_word' id='word_1_577' title='bbox 1671 4530 1800 4590; x_wconf 84' lang='lat' dir='ltr'>docentes</span> 
     </span>
    </p>
   </div>
   <div class='ocr_carea' id='block_1_8' title="bbox 143 4612 1801 4692">
    <p class='ocr_par' dir='ltr' id='par_1_8' title="bbox 143 4612 1801 4692">
     <span class='ocr_line' id='line_1_45' title="bbox 143 4612 1801 4692; baseline 0.003 -20"><span class='ocrx_word' id='word_1_578' title='bbox 143 4617 250 4685; x_wconf 88' lang='lat' dir='ltr'>aOeo,</span> <span class='ocrx_word' id='word_1_579' title='bbox 265 4613 339 4688; x_wconf 87' lang='lat' dir='ltr'>qood</span> <span class='ocrx_word' id='word_1_580' title='bbox 362 4621 426 4672; x_wconf 87' lang='lat' dir='ltr'>ante</span> <span class='ocrx_word' id='word_1_581' title='bbox 439 4614 539 4672; x_wconf 79' lang='lat' dir='ltr'>secula</span> <span class='ocrx_word' id='word_1_582' title='bbox 561 4612 736 4685; x_wconf 69' lang='lat' dir='ltr'>premiserat,</span> <span class='ocrx_word' id='word_1_583' title='bbox 753 4620 874 4686; x_wconf 90' lang='lat' dir='ltr'>tempore</span> <span class='ocrx_word' id='word_1_584' title='bbox 889 4615 945 4674; x_wconf 89' lang='lat' dir='ltr'>Sal·</span> <span class='ocrx_word' id='word_1_585' title='bbox 999 4628 1060 4685; x_wconf 81' lang='lat' dir='ltr'>que</span> <span class='ocrx_word' id='word_1_586' title='bbox 1083 4631 1140 4674; x_wconf 90' lang='lat' dir='ltr'>non</span> <span class='ocrx_word' id='word_1_587' title='bbox 1166 4623 1275 4690; x_wconf 88' lang='lat' dir='ltr'>oportet</span> <span class='ocrx_word' id='word_1_588' title='bbox 1301 4617 1390 4692; x_wconf 79' lang='lat' dir='ltr'>turpis</span> <span class='ocrx_word' id='word_1_589' title='bbox 1415 4617 1487 4676; x_wconf 89' lang='lat' dir='ltr'>lucri</span> <span class='ocrx_word' id='word_1_590' title='bbox 1514 4620 1610 4692; x_wconf 75' lang='lat' dir='ltr'>gratia.</span> <span class='ocrx_word' id='word_1_591' title='bbox 1625 4645 1635 4670; x_wconf 80' lang='grc' dir='ltr'>ι</span> <span class='ocrx_word' id='word_1_592' title='bbox 1653 4621 1801 4678; x_wconf 75' lang='lat' dir='ltr'>Manifesta</span> 
     </span>
    </p>
   </div>
   <div class='ocr_carea' id='block_1_9' title="bbox 59 4701 1858 4781">
    <p class='ocr_par' dir='ltr' id='par_1_9' title="bbox 59 4701 1858 4781">
     <span class='ocr_line' id='line_1_46' title="bbox 59 4701 1858 4781; baseline 0.004 -22"><span class='ocrx_word' id='word_1_593' title='bbox 59 4729 62 4734; x_wconf 94' lang='lat'>·</span> <span class='ocrx_word' id='word_1_594' title='bbox 144 4703 250 4764; x_wconf 85' lang='lat' dir='ltr'>vetoris</span> <span class='ocrx_word' id='word_1_595' title='bbox 274 4703 304 4760; x_wconf 89' lang='lat' dir='ltr'>in</span> <span class='ocrx_word' id='word_1_596' title='bbox 318 4703 511 4776; x_wconf 78' lang='lat' dir='ltr'>predicatione</span> <span class='ocrx_word' id='word_1_597' title='bbox 526 4701 713 4776; x_wconf 87' lang='lat' dir='ltr'>apostolorum</span> <span class='ocrx_word' id='word_1_598' title='bbox 737 4702 944 4762; x_wconf 79' lang='lat' dir='ltr'>manifestatum</span> <span class='ocrx_word' id='word_1_599' title='bbox 998 4710 1074 4772; x_wconf 88' lang='lat' dir='ltr'>sunt,</span> <span class='ocrx_word' id='word_1_600' title='bbox 1088 4720 1149 4779; x_wconf 83' lang='lat' dir='ltr'>qua</span> <span class='ocrx_word' id='word_1_601' title='bbox 1174 4705 1247 4764; x_wconf 87' lang='lat' dir='ltr'>lecta</span> <span class='ocrx_word' id='word_1_602' title='bbox 1266 4715 1349 4775; x_wconf 88' lang='lat' dir='ltr'>eunt;</span> <span class='ocrx_word' id='word_1_603' title='bbox 1366 4707 1524 4781; x_wconf 84' lang='lat' dir='ltr'>episcopum</span> <span class='ocrx_word' id='word_1_604' title='bbox 1545 4707 1619 4764; x_wconf 88' lang='lat' dir='ltr'>euim</span> <span class='ocrx_word' id='word_1_605' title='bbox 1634 4714 1799 4766; x_wconf 86' lang='lat' dir='ltr'>etsanctnm</span> <span class='ocrx_word' id='word_1_606' title='bbox 1856 4741 1858 4746; x_wconf 94' lang='lat'>·</span> 
     </span>
    </p>
   </div>
   <div class='ocr_carea' id='block_1_10' title="bbox 143 4791 1800 5573">
    <p class='ocr_par' dir='ltr' id='par_1_10' title="bbox 143 4791 1800 5324">
     <span class='ocr_line' id='line_1_47' title="bbox 143 4791 1797 4872; baseline 0.004 -23"><span class='ocrx_word' id='word_1_607' title='bbox 143 4791 287 4860; x_wconf 88' lang='lat' dir='ltr'>declarat;</span> <span class='ocrx_word' id='word_1_608' title='bbox 310 4791 351 4854; x_wconf 82' lang='lat' dir='ltr'>aio</span> <span class='ocrx_word' id='word_1_609' title='bbox 373 4792 449 4852; x_wconf 89' lang='lat' dir='ltr'>enim</span> <span class='ocrx_word' id='word_1_610' title='bbox 472 4793 645 4868; x_wconf 81' lang='lat' dir='ltr'>promiserat.</span> <span class='ocrx_word' id='word_1_611' title='bbox 675 4791 755 4862; x_wconf 85' lang='lat' dir='ltr'>Quod</span> <span class='ocrx_word' id='word_1_612' title='bbox 782 4792 864 4852; x_wconf 90' lang='lat' dir='ltr'>etiam</span> <span class='ocrx_word' id='word_1_613' title='bbox 891 4793 944 4852; x_wconf 90' lang='lat' dir='ltr'>sihi</span> <span class='ocrx_word' id='word_1_614' title='bbox 999 4792 1029 4853; x_wconf 93' lang='lat' dir='ltr'>in</span> <span class='ocrx_word' id='word_1_615' title='bbox 1057 4796 1196 4868; x_wconf 87' lang='lat' dir='ltr'>operibus,</span> <span class='ocrx_word' id='word_1_616' title='bbox 1221 4804 1248 4854; x_wconf 90' lang='lat' dir='ltr'>et</span> <span class='ocrx_word' id='word_1_617' title='bbox 1271 4797 1365 4856; x_wconf 87' lang='lat' dir='ltr'>verbis</span> <span class='ocrx_word' id='word_1_618' title='bbox 1387 4797 1550 4872; x_wconf 89' lang='lat' dir='ltr'>prodentem</span> <span class='ocrx_word' id='word_1_619' title='bbox 1569 4798 1693 4856; x_wconf 89' lang='lat' dir='ltr'>ordinari</span> <span class='ocrx_word' id='word_1_620' title='bbox 1715 4800 1777 4856; x_wconf 87' lang='lat' dir='ltr'>vult</span> <span class='ocrx_word' id='word_1_621' title='bbox 1789 4815 1797 4868; x_wconf 86' lang='lat'>;</span> 
     </span>
     <span class='ocr_line' id='line_1_48' title="bbox 143 4881 1800 4966; baseline 0.005 -24"><span class='ocrx_word' id='word_1_622' title='bbox 143 4881 372 4950; x_wconf 86' lang='lat' dir='ltr'>creditumdioit,</span> <span class='ocrx_word' id='word_1_623' title='bbox 386 4890 419 4943; x_wconf 90' lang='lat' dir='ltr'>ot</span> <span class='ocrx_word' id='word_1_624' title='bbox 437 4883 565 4956; x_wconf 74' lang='lat' dir='ltr'>aeneam</span> <span class='ocrx_word' id='word_1_625' title='bbox 583 4883 735 4942; x_wconf 87' lang='lat' dir='ltr'>insinuaret</span> <span class='ocrx_word' id='word_1_626' title='bbox 761 4884 945 4958; x_wconf 79' lang='lat' dir='ltr'>praedestina-</span> <span class='ocrx_word' id='word_1_627' title='bbox 999 4897 1031 4947; x_wconf 90' lang='lat' dir='ltr'>nt</span> <span class='ocrx_word' id='word_1_628' title='bbox 1056 4897 1083 4946; x_wconf 92' lang='lat' dir='ltr'>et</span> <span class='ocrx_word' id='word_1_629' title='bbox 1103 4890 1203 4948; x_wconf 86' lang='lat' dir='ltr'>iratres</span> <span class='ocrx_word' id='word_1_630' title='bbox 1227 4890 1369 4948; x_wconf 83' lang='lat' dir='ltr'>exhortari</span> <span class='ocrx_word' id='word_1_631' title='bbox 1397 4893 1493 4966; x_wconf 78' lang='lat' dir='ltr'>possit,</span> <span class='ocrx_word' id='word_1_632' title='bbox 1524 4901 1552 4950; x_wconf 92' lang='lat' dir='ltr'>et</span> <span class='ocrx_word' id='word_1_633' title='bbox 1579 4892 1800 4952; x_wconf 86' lang='lat' dir='ltr'>contradicentes</span> 
     </span>
     <span class='ocr_line' id='line_1_49' title="bbox 144 4973 1799 5058; baseline 0.005 -28"><span class='ocrx_word' id='word_1_634' title='bbox 144 4982 198 5032; x_wconf 88' lang='lat' dir='ltr'>tam</span> <span class='ocrx_word' id='word_1_635' title='bbox 216 4973 436 5035; x_wconf 82' lang='lat' dir='ltr'>misericordiam</span> <span class='ocrx_word' id='word_1_636' title='bbox 450 4974 516 5044; x_wconf 86' lang='lat' dir='ltr'>Ilei;</span> <span class='ocrx_word' id='word_1_637' title='bbox 527 4981 598 5032; x_wconf 88' lang='lat' dir='ltr'>utet</span> <span class='ocrx_word' id='word_1_638' title='bbox 611 4973 943 5048; x_wconf 83' lang='lat' dir='ltr'>Titusverosejoslilius,</span> <span class='ocrx_word' id='word_1_639' title='bbox 998 4980 1173 5050; x_wconf 86' lang='lat' dir='ltr'>convincere,</span> <span class='ocrx_word' id='word_1_640' title='bbox 1200 4981 1321 5039; x_wconf 89' lang='lat' dir='ltr'>maxime</span> <span class='ocrx_word' id='word_1_641' title='bbox 1339 4999 1385 5040; x_wconf 84' lang='lat' dir='ltr'>eoa</span> <span class='ocrx_word' id='word_1_642' title='bbox 1396 4984 1444 5058; x_wconf 93' lang='lat' dir='ltr'>qni</span> <span class='ocrx_word' id='word_1_643' title='bbox 1462 4991 1592 5044; x_wconf 82' lang='lat' dir='ltr'>oranter</span> <span class='ocrx_word' id='word_1_644' title='bbox 1613 4983 1724 5052; x_wconf 77' lang='lat' dir='ltr'>iudeis,</span> <span class='ocrx_word' id='word_1_645' title='bbox 1750 4981 1799 5054; x_wconf 89' lang='lat' dir='ltr'>qui</span> 
     </span>
     <span class='ocr_line' id='line_1_50' title="bbox 145 5063 1797 5146; baseline 0.001 -22"><span class='ocrx_word' id='word_1_646' title='bbox 145 5064 240 5136; x_wconf 84' lang='lat' dir='ltr'>idest,</span> <span class='ocrx_word' id='word_1_647' title='bbox 255 5065 408 5126; x_wconf 81' lang='lat' dir='ltr'>seeundum</span> <span class='ocrx_word' id='word_1_648' title='bbox 422 5064 604 5137; x_wconf 77' lang='lat' dir='ltr'>Evangelium</span> <span class='ocrx_word' id='word_1_649' title='bbox 617 5063 683 5138; x_wconf 87' lang='lat' dir='ltr'>(hoc</span> <span class='ocrx_word' id='word_1_650' title='bbox 697 5072 739 5124; x_wconf 90' lang='lat' dir='ltr'>est</span> <span class='ocrx_word' id='word_1_651' title='bbox 751 5068 825 5124; x_wconf 89' lang='lat' dir='ltr'>enim</span> <span class='ocrx_word' id='word_1_652' title='bbox 835 5083 943 5137; x_wconf 86' lang='lat' dir='ltr'>verum,</span> <span class='ocrx_word' id='word_1_653' title='bbox 998 5069 1051 5128; x_wconf 87' lang='lat' dir='ltr'>suh</span> <span class='ocrx_word' id='word_1_654' title='bbox 1073 5071 1187 5129; x_wconf 91' lang='lat' dir='ltr'>nomine</span> <span class='ocrx_word' id='word_1_655' title='bbox 1210 5071 1314 5132; x_wconf 87' lang='lat' dir='ltr'>Christi</span> <span class='ocrx_word' id='word_1_656' title='bbox 1333 5071 1473 5146; x_wconf 80' lang='lat' dir='ltr'>Judaiaare</span> <span class='ocrx_word' id='word_1_657' title='bbox 1497 5072 1633 5132; x_wconf 85' lang='lat' dir='ltr'>docebant</span> <span class='ocrx_word' id='word_1_658' title='bbox 1644 5073 1749 5144; x_wconf 80' lang='lat' dir='ltr'>(dalet.</span> <span class='ocrx_word' id='word_1_659' title='bbox 1764 5085 1797 5138; x_wconf 89' lang='lat' dir='ltr'>rr,</span> 
     </span>
     <span class='ocr_line' id='line_1_51' title="bbox 144 5153 1797 5236; baseline -0.002 -20"><span class='ocrx_word' id='word_1_660' title='bbox 144 5156 219 5229; x_wconf 82' lang='lat' dir='ltr'>qnod</span> <span class='ocrx_word' id='word_1_661' title='bbox 232 5164 366 5216; x_wconf 75' lang='lat' dir='ltr'>sernum</span> <span class='ocrx_word' id='word_1_662' title='bbox 382 5153 580 5227; x_wconf 72' lang='lat' dir='ltr'>capuanensi</span> <span class='ocrx_word' id='word_1_663' title='bbox 600 5155 771 5214; x_wconf 86' lang='lat' dir='ltr'>voluntatem</span> <span class='ocrx_word' id='word_1_664' title='bbox 785 5164 812 5213; x_wconf 92' lang='lat' dir='ltr'>et</span> <span class='ocrx_word' id='word_1_665' title='bbox 827 5157 944 5216; x_wconf 88' lang='lat' dir='ltr'>sollicite</span> <span class='ocrx_word' id='word_1_666' title='bbox 998 5159 1040 5232; x_wconf 80' lang='grc' dir='ltr'>ι),</span> <span class='ocrx_word' id='word_1_667' title='bbox 1054 5177 1123 5234; x_wconf 86' lang='lat' dir='ltr'>quoa</span> <span class='ocrx_word' id='word_1_668' title='bbox 1147 5161 1214 5218; x_wconf 90' lang='lat' dir='ltr'>elihi</span> <span class='ocrx_word' id='word_1_669' title='bbox 1242 5161 1327 5220; x_wconf 83' lang='lat' dir='ltr'>lalsoa</span> <span class='ocrx_word' id='word_1_670' title='bbox 1342 5159 1440 5220; x_wconf 82' lang='lat' dir='ltr'>iratres</span> <span class='ocrx_word' id='word_1_671' title='bbox 1453 5163 1580 5236; x_wconf 90' lang='lat' dir='ltr'>appellat.</span> <span class='ocrx_word' id='word_1_672' title='bbox 1602 5161 1700 5220; x_wconf 83' lang='lat' dir='ltr'>llenati</span> <span class='ocrx_word' id='word_1_673' title='bbox 1723 5158 1797 5216; x_wconf 89' lang='lat' dir='ltr'>enlm</span> 
     </span>
     <span class='ocr_line' id='line_1_52' title="bbox 144 5243 1796 5324; baseline 0 -22"><span class='ocrx_word' id='word_1_674' title='bbox 144 5245 298 5320; x_wconf 85' lang='lat' dir='ltr'>suspicione</span> <span class='ocrx_word' id='word_1_675' title='bbox 311 5244 471 5318; x_wconf 77' lang='lat' dir='ltr'>predicaret</span> <span class='ocrx_word' id='word_1_676' title='bbox 485 5243 601 5318; x_wconf 74' lang='lat' dir='ltr'>qratiam</span> <span class='ocrx_word' id='word_1_677' title='bbox 614 5244 664 5305; x_wconf 88' lang='lat' dir='ltr'>Dei</span> <span class='ocrx_word' id='word_1_678' title='bbox 678 5253 706 5304; x_wconf 90' lang='lat' dir='ltr'>et</span> <span class='ocrx_word' id='word_1_679' title='bbox 719 5261 824 5319; x_wconf 89' lang='lat' dir='ltr'>paoem,</span> <span class='ocrx_word' id='word_1_680' title='bbox 848 5254 880 5306; x_wconf 90' lang='grc' dir='ltr'>ιι</span> <span class='ocrx_word' id='word_1_681' title='bbox 893 5265 945 5306; x_wconf 74' lang='lat' dir='ltr'>ao-</span> <span class='ocrx_word' id='word_1_682' title='bbox 998 5247 1029 5304; x_wconf 92' lang='lat' dir='ltr'>iu</span> <span class='ocrx_word' id='word_1_683' title='bbox 1056 5249 1177 5320; x_wconf 87' lang='lat' dir='ltr'>Christo,</span> <span class='ocrx_word' id='word_1_684' title='bbox 1207 5267 1264 5307; x_wconf 90' lang='lat' dir='ltr'>non</span> <span class='ocrx_word' id='word_1_685' title='bbox 1293 5251 1356 5324; x_wconf 88' lang='lat' dir='ltr'>puri</span> <span class='ocrx_word' id='word_1_686' title='bbox 1385 5260 1464 5309; x_wconf 90' lang='lat' dir='ltr'>erant</span> <span class='ocrx_word' id='word_1_687' title='bbox 1490 5249 1662 5317; x_wconf 82' lang='lat' dir='ltr'>Christiani3</span> <span class='ocrx_word' id='word_1_688' title='bbox 1697 5244 1796 5321; x_wconf 88' lang='lat' dir='ltr'>partim</span> 
     </span>
    </p>

    <p class='ocr_par' dir='ltr' id='par_1_11' title="bbox 146 5363 1796 5573">
     <span class='ocr_line' id='line_1_53' title="bbox 181 5363 1796 5451; baseline -0.002 -21"><span class='ocrx_word' id='word_1_689' title='bbox 181 5371 243 5446; x_wconf 76' lang='lat' dir='ltr'>(ec)</span> <span class='ocrx_word' id='word_1_690' title='bbox 258 5371 328 5430; x_wconf 87' lang='lat' dir='ltr'>Cum</span> <span class='ocrx_word' id='word_1_691' title='bbox 339 5369 397 5427; x_wconf 87' lang='lat' dir='ltr'>haec</span> <span class='ocrx_word' id='word_1_692' title='bbox 411 5367 441 5426; x_wconf 89' lang='lat' dir='ltr'>ln</span> <span class='ocrx_word' id='word_1_693' title='bbox 455 5368 600 5450; x_wconf 88' lang='lat' dir='ltr'>epistolam</span> <span class='ocrx_word' id='word_1_694' title='bbox 615 5367 649 5425; x_wconf 91' lang='lat' dir='ltr'>ad</span> <span class='ocrx_word' id='word_1_695' title='bbox 664 5369 754 5451; x_wconf 79' lang='lat' dir='ltr'>Titum</span> <span class='ocrx_word' id='word_1_696' title='bbox 770 5381 944 5430; x_wconf 84' lang='lat' dir='ltr'>commento·</span> <span class='ocrx_word' id='word_1_697' title='bbox 997 5373 1065 5432; x_wconf 88' lang='lat' dir='ltr'>Nam</span> <span class='ocrx_word' id='word_1_698' title='bbox 1080 5384 1141 5448; x_wconf 91' lang='lat' dir='ltr'>post</span> <span class='ocrx_word' id='word_1_699' title='bbox 1156 5376 1299 5448; x_wconf 91' lang='lat' dir='ltr'>epistolam</span> <span class='ocrx_word' id='word_1_700' title='bbox 1316 5377 1349 5434; x_wconf 89' lang='lat' dir='ltr'>ad</span> <span class='ocrx_word' id='word_1_701' title='bbox 1364 5375 1556 5450; x_wconf 87' lang='lat' dir='ltr'>Philippenses</span> <span class='ocrx_word' id='word_1_702' title='bbox 1570 5377 1722 5444; x_wconf 88' lang='lat' dir='ltr'>sequuntur</span> <span class='ocrx_word' id='word_1_703' title='bbox 1734 5363 1796 5423; x_wconf 78' lang='lat' dir='ltr'>dum</span> 
     </span>
     <span class='ocr_line' id='line_1_54' title="bbox 146 5440 1796 5573; baseline -0.002 -76"><span class='ocrx_word' id='word_1_704' title='bbox 146 5442 186 5499; x_wconf 91' lang='lat' dir='ltr'>ria</span> <span class='ocrx_word' id='word_1_705' title='bbox 209 5443 239 5500; x_wconf 94' lang='lat' dir='ltr'>in</span> <span class='ocrx_word' id='word_1_706' title='bbox 264 5459 329 5500; x_wconf 88' lang='lat' dir='ltr'>mss.</span> <span class='ocrx_word' id='word_1_707' title='bbox 355 5441 447 5516; x_wconf 91' lang='lat' dir='ltr'>priora</span> <span class='ocrx_word' id='word_1_708' title='bbox 461 5449 517 5498; x_wconf 82' lang='lat' dir='ltr'>sint</span> <span class='ocrx_word' id='word_1_709' title='bbox 531 5447 736 5498; x_wconf 82' lang='lat' dir='ltr'>commentariis</span> <span class='ocrx_word' id='word_1_710' title='bbox 756 5442 785 5499; x_wconf 92' lang='lat' dir='ltr'>in</span> <span class='ocrx_word' id='word_1_711' title='bbox 800 5451 944 5573; x_wconf 59' lang='lat' dir='ltr'>utramque</span> <span class='ocrx_word' id='word_1_712' title='bbox 998 5445 1035 5502; x_wconf 89' lang='lat' dir='ltr'>ad</span> <span class='ocrx_word' id='word_1_713' title='bbox 1050 5446 1318 5518; x_wconf 81' lang='lat' dir='ltr'>Thessalonicenses,</span> <span class='ocrx_word' id='word_1_714' title='bbox 1333 5449 1434 5506; x_wconf 89' lang='lat' dir='ltr'>deinde</span> <span class='ocrx_word' id='word_1_715' title='bbox 1449 5465 1480 5504; x_wconf 89' lang='lat' dir='ltr'>ea</span> <span class='ocrx_word' id='word_1_716' title='bbox 1494 5463 1554 5519; x_wconf 80' lang='lat' dir='ltr'>que</span> <span class='ocrx_word' id='word_1_717' title='bbox 1565 5443 1599 5500; x_wconf 89' lang='lat' dir='ltr'>ad</span> <span class='ocrx_word' id='word_1_718' title='bbox 1612 5440 1796 5507; x_wconf 88' lang='lat' dir='ltr'>Colossenses,</span> 
     </span>
    </p>
   </div>
   <div class='ocr_carea' id='block_1_11' title="bbox 53 5509 1795 5662">
    <p class='ocr_par' dir='ltr' id='par_1_12' title="bbox 53 5509 1795 5662">
     <span class='ocr_line' id='line_1_55' title="bbox 146 5509 1795 5599; baseline 0.001 -29"><span class='ocrx_word' id='word_1_719' title='bbox 146 5513 180 5570; x_wconf 87' lang='lat' dir='ltr'>ad</span> <span class='ocrx_word' id='word_1_720' title='bbox 200 5513 378 5576; x_wconf 75' lang='lat' dir='ltr'>Timotheum</span> <span class='ocrx_word' id='word_1_721' title='bbox 413 5513 497 5574; x_wconf 77' lang='lat' dir='ltr'>murel</span> <span class='ocrx_word' id='word_1_722' title='bbox 522 5511 725 5594; x_wconf 82' lang='lat' dir='ltr'>admonendum</span> <span class='ocrx_word' id='word_1_723' title='bbox 744 5513 855 5574; x_wconf 86' lang='lat' dir='ltr'>videtur</span> <span class='ocrx_word' id='word_1_724' title='bbox 876 5519 945 5574; x_wconf 87' lang='lat' dir='ltr'>aias</span> <span class='ocrx_word' id='word_1_725' title='bbox 998 5533 1030 5577; x_wconf 87' lang='lat' dir='ltr'>ae</span> <span class='ocrx_word' id='word_1_726' title='bbox 1056 5518 1253 5594; x_wconf 80' lang='lat' dir='ltr'>demumque</span> <span class='ocrx_word' id='word_1_727' title='bbox 1280 5518 1544 5599; x_wconf 68' lang='lat' dir='ltr'>marcomerem</span> <span class='ocrx_word' id='word_1_728' title='bbox 1567 5509 1795 5575; x_wconf 78' lang='lat' dir='ltr'>ordinemellem</span> 
     </span>
     <span class='ocr_line' id='line_1_56' title="bbox 53 5555 1503 5662; baseline 0.003 -20"><span class='ocrx_word' id='word_1_729' title='bbox 53 5643 57 5650; x_wconf 80' lang='grc'>,</span> <span class='ocrx_word' id='word_1_730' title='bbox 147 5599 254 5662; x_wconf 89' lang='lat' dir='ltr'>quoqne</span> <span class='ocrx_word' id='word_1_731' title='bbox 268 5602 326 5644; x_wconf 89' lang='lat' dir='ltr'>non</span> <span class='ocrx_word' id='word_1_732' title='bbox 339 5555 447 5654; x_wconf 75' lang='lat' dir='ltr'>eodem,</span> <span class='ocrx_word' id='word_1_733' title='bbox 456 5601 511 5660; x_wconf 91' lang='lat' dir='ltr'>quo</span> <span class='ocrx_word' id='word_1_734' title='bbox 522 5583 552 5642; x_wconf 92' lang='lat' dir='ltr'>in</span> <span class='ocrx_word' id='word_1_735' title='bbox 566 5583 676 5653; x_wconf 80' lang='grc' dir='ltr'>Βιιιιιιι,</span> <span class='ocrx_word' id='word_1_736' title='bbox 688 5583 785 5643; x_wconf 90' lang='lat' dir='ltr'>ordine</span> <span class='ocrx_word' id='word_1_737' title='bbox 799 5587 941 5647; x_wconf 86' lang='lat' dir='ltr'>collocari.</span> <span class='ocrx_word' id='word_1_738' title='bbox 997 5599 1144 5650; x_wconf 77' lang='lat' dir='ltr'>temerant</span> <span class='ocrx_word' id='word_1_739' title='bbox 1157 5591 1308 5651; x_wconf 84' lang='lat' dir='ltr'>Primasiua</span> <span class='ocrx_word' id='word_1_740' title='bbox 1321 5599 1350 5650; x_wconf 88' lang='lat' dir='ltr'>et</span> <span class='ocrx_word' id='word_1_741' title='bbox 1364 5587 1503 5650; x_wconf 85' lang='lat' dir='ltr'>Sedultue.</span> 
     </span>
    </p>
   </div>
   <div class='ocr_carea' id='block_1_12' title="bbox 0 0 2056 6183">
    <p class='ocr_par' dir='ltr' id='par_1_13' title="bbox 0 0 2056 6183">
     <span class='ocr_line' id='line_1_57' title="bbox 0 0 2056 6183; baseline 0 0"><span class='ocrx_word' id='word_1_742' title='bbox 0 0 2056 6183; x_wconf 95' lang='lat' dir='ltr'> </span> 
     </span>
    </p>
   </div>
  </div>
 </body>
</html>
