4082 6176
129 278 176 340 tlt
536 281 721 344 SERMONES
739 284 768 344 S.
787 284 967 346 AMBROSIO
986 287 1172 350 HACTENUS
1189 290 1359 352 ascensu.
1719 301 1772 360 tlt

125 405 197 463 tibus
210 417 261 480 ego
278 402 432 478 pertrahor,
458 421 509 464 ros
524 423 632 465 mecum
644 410 761 468 traxerit
785 410 844 484 ipsa
863 427 919 470 ne·
932 416 958 476 Α
971 412 1100 488 religiosa
1120 416 1275 491 castigatio,
1303 429 1386 494 mam
1407 415 1510 478 blanda
1534 419 1671 482 remissio.
1695 423 1774 484 Unde

127 492 244 552 cessitas.
272 491 380 549 Pariter
393 509 457 566 ergo
471 511 487 552 a
500 494 583 553 domo
602 497 651 555 liei
666 498 793 556 absentes
813 516 921 573 sumus,
976 500 1014 560 ait
1029 501 1161 577 propheta
1177 523 1183 563 :
1207 531 1216 558 ι
1232 506 1363 565 Dulciora
1376 508 1568 568 suutvuluera
1581 510 1675 584 amici,
1690 527 1774 589 quam

125 581 169 638 sed
199 579 253 638 hoc
280 579 404 650 interest¹
428 581 502 656 quod
529 601 573 640 ms
601 584 742 644 absentem
774 591 921 648 necessitas
960 593 1133 652 voluntaria
1147 597 1241 654 oscula
1254 598 1363 658 inimici
1378 599 1471 674 (Pron.
1487 617 1578 674 xxviv,
1594 601 1662 677 6).»

125 669 218 740 efficit,
247 687 296 728 vos
326 670 466 730 voluntas.
494 673 612 732 Nescitis
642 675 707 750 quia
731 677 782 735 etsi
811 694 860 752 ego
886 679 921 736 ab
1011 681 1037 738 3.
1062 685 1159 758 Igitur,
1187 689 1294 759 iratres,
1326 690 1391 764 quia
1421 699 1484 766 post
1509 701 1551 752 tot
1577 693 1775 768 increpationis

125 759 247 818 Ecclesia
269 759 378 830 desum,
404 759 576 822 Christusab
594 765 718 823 Ecclesia
730 783 789 838 sua,
813 767 861 841 qui
880 774 922 825 est
976 786 1043 828 ureae
1066 773 1148 831 utilia
1175 777 1259 836 verba
1280 780 1361 838 credo
1388 798 1438 840 vos
1451 781 1620 856 benignitate
1643 801 1773 843 sensuum

124 851 235 926 ubique,
263 869 319 909 non
332 851 433 910 deest'i
456 853 552 925 Venis,
581 855 676 927 irater,
700 857 734 915 ad
758 860 920 931 Ecclesiam,
976 859 1133 932 proiecisse,
1165 865 1199 923 de
1225 868 1310 926 sacris
1345 869 1446 928 litteris
1468 871 1563 947 aliqua
1588 874 1773 934 conferamus.

124 959 177 1000 uon
194 943 305 1000 iuvenis
327 941 367 1000 ibi
392 943 569 1018 episcopum:
593 947 640 1005 sed
660 949 684 1006 si
699 948 818 1008 fideliter
832 951 919 1020 venis,
976 948 1052 1008 Sicut
1067 951 1140 1010 enim
1169 954 1242 1023 fons,
1271 957 1319 1031 qui
1347 976 1403 1016 non
1418 959 1500 1020 solito
1515 960 1632 1020 humore
1646 963 1773 1035 distillat,

123 1032 247 1090 invenies
270 1032 310 1089 ibi
330 1033 521 1108 episcoporum
546 1037 706 1112 episcopum
738 1039 919 1098 salvatorem.
976 1039 1131 1112 exagitatur
1158 1045 1286 1116 surculis,
1312 1054 1340 1102 et
1368 1047 1407 1105 ita
1433 1048 1535 1123 largior
1564 1051 1718 1124 invenitur,
1741 1070 1775 1113 ac

123 1127 188 1182 Nam
216 1123 393 1184 Christianus
428 1125 476 1200 qui
503 1135 571 1185 tnnc
595 1133 702 1186 tantum
739 1132 862 1205 procedit
886 1132 921 1189 ad
976 1127 1095 1200 primum
1111 1147 1147 1188 ex
1172 1149 1204 1190 eo
1230 1135 1342 1193 turbida
1362 1153 1435 1212 aqua
1459 1139 1630 1213 producitur,
1654 1141 1775 1202 utunda

123 1215 284 1284 Ecclesiam,
301 1213 411 1288 quando
425 1215 701 1290 episcopuspraesens
715 1225 766 1289 est,
794 1237 850 1278 non
863 1229 921 1279 tam
975 1219 1071 1291 purior
1092 1220 1295 1298 subsequatur:
1323 1227 1364 1285 sic
1392 1245 1455 1304 ergo
1477 1236 1504 1288 et
1526 1232 1657 1291 sauctitas
1683 1240 1775 1294 vestra

123 1303 173 1360 llei
187 1319 269 1360 causa
290 1302 402 1360 videtur
416 1303 580 1378 processisse
601 1322 684 1379 quam
703 1307 843 1366 hominis:
870 1325 921 1367 nec
976 1317 1135 1383 exasperata
1149 1311 1263 1386 quidem
1278 1313 1369 1375 iuerat
1393 1318 1554 1378 austeritate
1567 1319 1714 1393 sermonis,
1726 1321 1774 1381 sed

124 1392 250 1470 implesse
264 1391 411 1451 christiani
426 1392 553 1452 timentis
567 1385 700 1467 officinm,
715 1396 764 1456 sed
777 1398 860 1456 amici
876 1396 921 1456 de·
975 1399 1101 1459 devotior
1115 1402 1188 1460 iacta
1201 1411 1242 1460 est
1264 1403 1413 1465 dulcedine
1434 1409 1555 1484 pietatis.
1571 1410 1775 1472 'l'urbuleutum

123 1481 237 1542 ferentis
249 1481 424 1556 obsequium.
976 1489 1050 1546 enim
1078 1489 1211 1565 quiddam
1234 1494 1319 1553 vestri
1345 1495 1432 1554 animi
1461 1498 1578 1558 forsitan
1605 1501 1773 1574 retinebant,

156 1571 183 1630 i.
204 1571 278 1639 Quid
292 1580 385 1630 autem
405 1589 455 1646 ego
480 1591 530 1632 vos
552 1591 649 1650 arguo,
668 1591 731 1634 cum
752 1577 863 1652 possitis
876 1595 921 1637 me
975 1578 1022 1636 sed
1034 1577 1138 1652 james
1152 1583 1252 1641 vestris
1266 1586 1607 1664 moribusprofluitomne
1623 1593 1698 1669 quod
1714 1610 1775 1669 pu-

122 1677 317 1719 unosermone
336 1662 502 1720 convincere
525 1663 564 1739 (q.
590 1681 622 1736 1„
644 1681 669 1723 c.
698 1666 768 1735 Ouid
791 1667 921 1741 quaml?
975 1683 1037 1725 rum
1047 1675 1099 1727 est.

13 1771 18 1792 ¹
122 1753 280 1814 Convincas
300 1753 374 1811 enim
400 1771 462 1813 curn
484 1755 513 1812 in
532 1755 583 1814 hac
607 1765 683 1830 parte
704 1758 819 1818 clericos
841 1759 959 1848 vobisB
1010 1765 1037 1823 l.
1053 1766 1204 1828 Videamus
1222 1787 1287 1846 ergo
1301 1773 1368 1848 quid
1382 1774 1419 1832 sit
1430 1776 1506 1851 quod
1519 1776 1606 1837 aitad
1622 1779 1774 1856 discipulos

120 1843 208 1918 magis
235 1841 318 1903 video
338 1843 518 1918 negligentes.
541 1843 685 1913 Quomodo
712 1847 786 1906 enim
808 1865 919 1921 possum
974 1869 1038 1912 suos
1052 1857 1212 1917 Dominus:
1233 1885 1243 1910 ι
1261 1860 1319 1920 Vos
1334 1871 1425 1921 autem
1449 1880 1530 1940 quern
1550 1882 1594 1925 me
1608 1883 1665 1927 esse
1679 1867 1774 1930 dicitis

120 1935 261 2010 corrigere
275 1934 358 2005 lilios,
373 1951 436 1992 cum
452 1935 550 1994 iratres
565 1937 711 1996 emendare
724 1955 779 1996 non
795 1941 920 2014 possint
976 1941 1082 2015 (Muttlt.
1097 1962 1156 2016 xm,
1183 1947 1279 2020 15)1»
1308 1950 1368 2009 Non
1392 1952 1479 2027 igitur
1504 1963 1636 2030 tauquam
1663 1957 1774 2032 ignarus

121 2032 172 2082 aut
187 2040 241 2097 qua
255 2021 355 2081 fiducia
368 2040 542 2082 succenseam
560 2025 649 2098 laicis,
674 2045 737 2086 cum
763 2045 779 2086 a
802 2046 920 2087 consor·
974 2031 1126 2108 interrogat
1141 2035 1288 2109 Dominus,
1303 2041 1371 2114 quid
1383 2041 1417 2100 de
1431 2058 1464 2100 eo
1477 2045 1574 2118 populi
1588 2046 1774 2124 discipulique

121 2115 199 2172 tibus
213 2112 325 2187 pudoris
338 2113 505 2172 verecundia
518 2115 726 2175 conticescam?
741 2119 799 2192 Ego
814 2125 921 2190 autem,
974 2127 1129 2185 sentirent:
1145 2129 1340 2208 sedtunquam
1355 2135 1444 2193 sciens
1471 2137 1665 2196 universorum
1690 2157 1774 2199 men·

119 2205 230 2274 fratres,
244 2219 300 2260 uon
312 2203 346 2260 de
360 2203 490 2262 omnibus
504 2205 611 2280 loquor.
633 2206 704 2265 Sunt
718 2215 792 2266 certe
804 2207 919 2281 quidam
974 2221 1024 2286 tes,
1041 2215 1123 2274 iidem
1138 2221 1315 2280 manifestare
1329 2223 1419 2282 voluit
1433 2225 1605 2299 singulorum
1618 2245 1626 2298 ;
1652 2237 1683 2286 ut
1699 2229 1774 2305 quod

119 2296 226 2366 devoti,
251 2302 317 2352 suut
331 2301 358 2352 et
372 2293 421 2351 alii
437 2295 623 2369 negligentes:
646 2314 696 2372 ego
710 2299 849 2356 neminem
863 2316 920 2358 no-
973 2304 1057 2362 corde
1082 2307 1232 2367 credebant
1253 2311 1416 2385 Domimm,
1451 2315 1499 2372 alii
1537 2316 1696 2386 ieremiam,
1724 2318 1773 2378 alii

120 2387 209 2456 mino,
224 2383 694 2462 couscientiasuaunumquemquc
707 2389 864 2449 conveniat.
973 2394 1107 2455 ioannem
1135 2399 1298 2475 baptistam,
1322 2403 1418 2463 Petrus
1449 2407 1525 2466 solus
1550 2407 1693 2468 Christum
1722 2410 1772 2470 Dei

404 2510 522 2572 SERMO
541 2512 639 2573 XLIV·
974 2485 1077 2545 Filium
1100 2491 1258 2550 confitetur.
1282 2493 1389 2552 Gradus
1412 2495 1525 2570 quidam
1554 2508 1620 2557 sunt
1641 2500 1719 2572 fidei,
1744 2509 1772 2560 et

975 2576 1023 2650 qui
1037 2576 1166 2638 devotius
1179 2581 1278 2652 credit,
1291 2583 1448 2658 religiosius
1462 2587 1620 2645 confitetur.

281 2727 287 2742 ,
541 2730 547 2742 ,
614 2731 620 2742 ,
654 2730 659 2742 ,
727 2730 733 2742 ,
1009 2675 1036 2732 5.
1053 2674 1105 2733 Pr0
1122 2674 1173 2734 hac
1190 2677 1338 2735 devotione
1363 2680 1466 2738 dicitur
1493 2682 1598 2742 Petro:
1636 2683 1773 2744 «Beatus

120 2729 406 2874 Hfflzwug'ffi‘m
414 2730 920 2874 ‘vzbthffiumffiimomfflmggiiffl'
974 2777 1002 2819 es
1024 2771 1066 2834 tu,
1085 2764 1180 2840 Simon
1207 2763 1335 2839 barjona,
1365 2769 1496 2842 quoniam
1521 2786 1585 2828 caro
1603 2779 1630 2829 et
1659 2775 1772 2849 sanguis

151 2875 234 2932 „gur
247 2873 418 2934 mnwlagiog
444 2879 473 2929 ,g
486 2873 564 2931 pom,
594 2873 655 2930 ,gig
678 2874 785 2930 figulum
805 2873 852 2944 qm·
867 2889 920 2928 nm,
974 2867 1030 2908 nou
1057 2853 1194 2914 revelavit
1220 2854 1283 2926 tibi,
1310 2855 1359 2913 sed
1385 2856 1466 2914 Pater
1496 2875 1582 2931 meus,
1611 2861 1660 2936 qui
1686 2872 1727 2921 est
1741 2863 1771 2922 in

151 2953 302 3004 tcmsensu
316 2963 397 3018 quant
412 2944 630 3014 subsannaret,
645 2945 821 3002 coadunavit.
844 2944 919 3000 llario
973 2941 1059 2998 colis.
1084 2943 1120 3001 Et
1142 2960 1191 3018 ego
1217 2943 1280 3002 dico
1295 2944 1363 3003 tibi:
1394 2944 1436 3002 Tu
1463 2963 1492 3004 es
1515 2947 1622 3020 Petrus,
1649 2957 1676 3007 et
1690 2967 1773 3026 super

149 3018 377 3076 veromadensem
390 3017 593 3089 nnnnnnn'nlnnn
615 3033 668 3072 ³³⁸⁶
686 3015 919 3089 101111911101111
973 3029 1045 3089 banc
1061 3039 1166 3106 petram
1181 3033 1323 3092 aedificabo
1343 3035 1496 3093 Ecclesiam
1521 3053 1610 3096 meam
1627 3041 1708 3115 (loia.
1726 3043 1771 3115 17,

148 3089 392 3233 mmm?
405 3087 700 3230 ’'fiffiqffat‘fflgfflm
721 3087 920 3216 ,1113211ξὲ1111ξῖ
935 3144 957 3205 C
974 3119 1054 3193 18).»
1079 3121 1149 3181 Cum
1171 3131 1317 3181 vocaretur
1340 3139 1404 3198 ergo
1431 3123 1540 3196 Simon,
1561 3143 1610 3202 per
1634 3130 1705 3189 hauc
1718 3129 1772 3188 de-

148 3232 243 3290 ),οώ
273 3232 317 3289 gg,
338 3248 369 3288 x,
392 3231 421 3287 jn
444 3231 557 3300 Lucam,
578 3248 653 3289 num,
736 3236 761 3287 ,g
782 3229 827 3300 97,
855 3247 921 3286 mu.
975 3209 1116 3268 votionum
1145 3221 1259 3270 vocatus
1287 3221 1328 3270 est
1361 3214 1468 3272 Petrus.
1500 3215 1639 3291 Legimus,
1663 3217 1772 3279 dicente

150 3310 261 3362 suctum
275 3303 416 3371 cauimus,
438 3318 514 3385 queue
536 3307 565 3359 at
586 3302 670 3360 ulium
687 3302 864 3360 emshmemas
886 3302 920 3359 ab
973 3302 1108 3374 Apostolo
1121 3300 1155 3358 de
1169 3302 1229 3374 ipso
1244 3301 1387 3361 Domino:
1418 3304 1579 3363 ‹Bibebant
1597 3308 1632 3365 de
1651 3309 1771 3383 spiritali

154 3375 315 3446 1111111111»
331 3381 424 3431 11111111
438 3375 574 3432 ‘munini-
973 3396 1157 3463 consequente
1173 3407 1220 3448 eos
1241 3398 1329 3464 petra,
1350 3398 1428 3464 petra
1447 3401 1540 3450 summ
1559 3402 1617 3452 erat
1644 3393 1771 3456 Christus

50 3493 53 3501 ’
148 3487 182 3544 1.
202 3484 330 3542 Amarior
344 3483 461 3541 tonsae
475 3482 560 3541 inerit
571 3481 726 3557 increpatio
749 3498 810 3540 mea
832 3498 919 3558 supe-
974 3477 1004 3550 (l
1018 3478 1081 3536 Gor.
1098 3495 1127 3550 x,
1153 3479 1219 3552 1).»
1252 3480 1335 3538 Recte
1345 3479 1431 3554 igitur
1450 3482 1516 3556 quia
1536 3491 1613 3557 petra
1631 3483 1769 3559 Christus,

111 3572 241 3632 rioribus
253 3571 507 3648 praedicationibus,
537 3571 611 3648 quod
636 3572 782 3646 plerosque
804 3572 839 3630 dc
860 3589 916 3630 vo-
972 3568 1068 3627 Simon
1084 3578 1260 3645 nuncupatus
1277 3571 1445 3642 estPetrus;
1459 3582 1491 3631 ut
1504 3573 1553 3648 qui
1566 3589 1630 3632 cum
1650 3575 1771 3636 Dumium

110 3663 154 3722 bis
177 3661 344 3737 (autcarius
358 3661 509 3736 magisterii
524 3662 670 3722 severitate
685 3660 875 3732 convenerim,
889 3667 918 3719 et
972 3658 1037 3718 ndei
1049 3661 1208 3720 societatem
1231 3660 1358 3732 babebat,
1383 3678 1447 3720 cum
1468 3663 1588 3721 Domino
1615 3663 1730 3726 haberet
1744 3675 1772 3726 et

111 3753 167 3812 dm
185 3763 348 3828 prosecutus
367 3768 427 3828 qua
450 3755 523 3816 449
550 3751 701 3826 aliquantis
723 3763 780 3808 non
802 3749 917 3808 blandi·
972 3749 1094 3808 nominis
1118 3750 1261 3809 Dominici
1283 3751 1441 3810 unitatem:
1475 3758 1507 3810 ut
1527 3753 1600 3812 sicut
1623 3754 1771 3816 aChristo

111 3858 212 3910 menta
232 3851 380 3922 deferrent,
395 3852 443 3910 sed
466 3849 609 3909 tristitiam
633 3849 796 3924 irrogarent.
812 3848 916 3907 Verum
972 3835 1145 3898 Chniniinnnn
1160 3840 1281 3912 dicitur,
1301 3841 1341 3899 1111
1362 3851 1391 3902 11
1414 3849 1526 3917 11111111
1547 3843 1659 3904 (11111110
1673 3845 1771 3906 11111118

110 3937 191 4001 nibil
207 3958 269 3998 mea
281 3941 413 4009 interest;
438 3956 488 4014 ego
507 3941 582 3999 enim
597 3940 702 4014 gaudeo
724 3939 815 3998 aciens
828 3937 915 3999 disci-
970 3929 1111 4002 nl>⁰³²⁰ln⁸
1125 3938 1281 3990 lnnnnninn·

109 4032 180 4107 puli
193 4030 337 4088 tristitiam
352 4030 476 4104 magistri
496 4047 555 4089 esse
574 4031 711 4090 letitiam.
738 4031 816 4091 Tunc
841 4033 915 4090 enim
1007 4027 1033 4086 6.
1054 4027 1108 4086 Sed
1127 4045 1178 4087 nec
1197 4029 1362 4104 populorum
1385 4030 1545 4104 opinionem
1567 4048 1713 4106 possumus
1727 4049 1770 4092 re·

109 4117 233 4179 auditor
247 4117 367 4192 proficit,
387 4118 497 4194 maudo
511 4120 662 4179 austeriora
675 4122 823 4182 munusue
840 4138 915 4196 prs-
970 4116 1166 4192 probataque
1192 4135 1281 4177 unum
1309 4119 1344 4177 us
1367 4119 1510 4194 prophetis
1528 4117 1678 4178 nominum
1689 4121 1769 4180 esst-

110 4211 227 4271 dicator
241 4226 248 4268 :
264 4216 332 4268 tuuc
361 4209 386 4266 ei
415 4210 489 4266 salus
517 4209 648 4284 gignitur,
666 4213 775 4287 quanm
802 4212 916 4272 tristitia
970 4205 1083 4266 mebant
1097 4209 1205 4283 (Menin-
1222 4226 1282 4280 nin,
1298 4209 1355 4283 11)·
1377 4211 1443 4268 Nam
1460 4209 1523 4267 innn
1536 4211 1665 4278 nonnulli
1690 4211 1770 4271 volni

110 4296 322 4361 emendationis
336 4297 492 4372 ingeritur;
508 4297 579 4355 dicit
593 4298 667 4356 enim
680 4299 775 4360 beatus
789 4304 915 4376 Aposto-
969 4297 1060 4354 Ellam
1084 4297 1254 4356 salvatorem
1285 4298 1404 4356 forsitan
1431 4306 1608 4372 putaverunt,
1636 4300 1702 4376 quia
1732 4301 1769 4360 ad

111 4392 183 4450 lus:
221 4387 312 4447 «Nam
337 4404 399 4463 quaa
427 4387 580 4446 meandum
608 4386 697 4446 Deum
726 4396 766 4446 est
791 4391 914 4462 tristitia,
969 4388 1053 4446 coelos
1068 4387 1144 4445 Elias
1173 4387 1246 4446 sicut
1269 4387 1396 4445 Salvator
1423 4387 1547 4446 ascendit
1573 4388 1629 4464 (ll'
1652 4391 1715 4465 lieg.
1735 4409 1766 4464 n,

109 4478 309 4555 paenitentiam
325 4477 356 4538 in
368 4478 487 4537 salutem
500 4469 629 4536 stabilem
642 4485 770 4551 operatur
790 4479 834 4551 (11
850 4481 913 4538 Cor.
928 4503 954 4564 D
970 4478 1027 4553 11).
1046 4479 1099 4538 Sed
1112 4495 1167 4536 non
1181 4479 1253 4537 sicut
1271 4477 1348 4536 Elias
1361 4475 1489 4537 Christus
1504 4485 1564 4549 est;
1585 4479 1634 4538 ille
1646 4480 1722 4539 euim
1732 4481 1767 4541 ad

109 4591 167 4644 vn,
187 4571 270 4644 10).»
970 4569 1054 4628 aulos
1067 4569 1183 4642 rapitur,
1205 4567 1257 4626 iste
1280 4565 1456 4642 regreditur:
1476 4567 1525 4625 ille
1544 4577 1676 4644 tauquam
1690 4569 1768 4628 iufir-

148 4665 181 4723 2.
202 4665 286 4723 llecte
300 4675 364 4736 ergo
378 4662 467 4732 laetor,
493 4662 558 4736 quia
576 4659 694 4720 salutem
709 4677 824 4737 operor:
852 4677 915 4720 cum
970 4675 1031 4716 mus
1045 4657 1125 4733 ignea
1139 4655 1272 4733 quadriga
1285 4656 1463 4729 subvehitur,
1475 4655 1522 4716 bic
1540 4665 1671 4734 tauquam
1692 4661 1767 4719 Deus

110 4753 244 4827 obiurga,
269 4759 383 4808 moereat
397 4751 461 4809 licet
474 4749 549 4808 filius
567 4750 619 4808 mei
633 4750 781 4824 asperitate
805 4766 915 4807 sermo·
969 4749 1079 4823 propria
1092 4747 1197 4806 virtute
1211 4753 1359 4822 portatur:
1380 4746 1427 4804 ille
1449 4747 1523 4807 sieut
1538 4746 1623 4805 bomo
1642 4748 1765 4827 ducitur,

109 4842 180 4912 nis;
206 4855 251 4897 me
263 4847 355 4898 tamen
371 4841 498 4910 delectat,
514 4839 562 4913 qui
577 4840 709 4914 proficere
723 4841 804 4898 illum
825 4839 915 4897 intel·
969 4837 1016 4895 hic
1030 4837 1103 4895 sicut
1116 4836 1241 4894 Salvator
1259 4835 1383 4894 ascendit
1399 4854 1406 4892 z
1424 4835 1472 4893 ille
1486 4835 1618 4896 ducentes
1640 4838 1767 4913 sequitur

109 4933 173 5008 ligo
200 4946 250 5004 per
265 4945 421 4987 moerorem.
438 4929 487 4985 Ait
508 4936 618 4987 sanctus
638 4931 803 5002 Apostolos:
828 4929 913 4998 «Quis
967 4927 1089 5000 angelos,
1116 4926 1280 4984 comitantes
1309 4924 1362 4983 sibi
1389 4925 1500 4999 angelos
1537 4925 1589 4986 iste
1624 4927 1763 5003 precedit.

109 5029 155 5082 est
171 5018 246 5077 enim
267 5017 353 5088 lilius,
378 5033 460 5091 quem
485 5033 540 5074 non
563 5015 689 5073 verberat
713 5024 790 5090 pater
818 5017 910 5088 (Hebr.
967 5015 1090 5089 Denique
1109 5015 1194 5073 iidem
1221 5014 1311 5090 angeli
1336 5023 1489 5074 remeantes
1511 5017 1541 5074 in
1560 5020 1765 5077 terramallo-

108 5128 167 5180 ιιι,
182 5107 262 5182 lli·
289 5107 350 5165 Non
361 5108 435 5165 enim
451 5107 589 5164 osculatur
601 5121 709 5178 semper
720 5113 796 5179 pater
810 5105 911 5178 filiurn,
968 5106 1043 5162 mino
1065 5104 1207 5163 salvatore
1230 5105 1363 5163 dixerunt
1394 5104 1430 5163 ad
1456 5107 1619 5179 apostolos:
1664 5107 1764 5168 «Viri

108 5199 161 5260 aed
176 5197 368 5274 utaliquando
382 5198 507 5272 castigat.
532 5197 606 5270 Ergo
620 5194 730 5272 quaudo
750 5196 909 5269 castigatur,
966 5196 1085 5268 Gallici,
1112 5197 1179 5271 quid
1201 5197 1280 5254 atatis
1311 5196 1476 5270 aspicientes
1497 5197 1527 5254 iu
1560 5196 1689 5256 columi
1712 5197 1764 5255 llic

108 5291 162 5370 qui
190 5289 328 5364 diligitur,
360 5295 428 5348 tunc
452 5287 526 5347 circa
548 5303 611 5347 enm
641 5285 728 5361 pietas
755 5295 908 5346 exercetur.
964 5288 1041 5346 lesus
1055 5289 1104 5364 qui
1118 5294 1244 5362 receptus
1259 5295 1300 5346 est
1313 5303 1330 5346 a
1344 5287 1434 5361 vohis,
1455 5288 1497 5348 sic
1518 5288 1611 5346 veniet
1625 5283 1762 5364 quemad-

109 5382 203 5443 llabet
225 5381 300 5440 enim
324 5388 353 5438 st
375 5382 554 5455 amor-plagas
583 5395 656 5450 suas,
683 5397 743 5454 que
771 5378 909 5439 dulciores
963 5380 1077 5442 modum
1091 5377 1203 5438 vidistis
1230 5395 1294 5438 eum
1322 5385 1433 5439 euntem
1459 5378 1489 5440 iu
1516 5378 1617 5438 celum
1646 5375 1718 5450 (Act.
1738 5390 1758 5445 ι,

107 5479 179 5532 sunt
203 5489 267 5533 cum
290 5469 412 5532 amasim
437 5469 611 5540 inieruutm;
635 5468 745 5531 dulcior
769 5470 844 5532 anim
867 5479 909 5531 est
963 5473 1044 5548 ll).‚

203 2610 267 2668 Post
283 2609 499 2684 increpationem
514 2610 625 2668 allectio
640 2609 674 2668 ad
691 2614 835 2686 populum.

148 5659 909 5740 (alumenuuguproeaeuuses....qu0apurcqu
923 5657 955 5718 a«
969 5629 1089 5719 aava

271 5763 392 5824 Purser..
412 5761 501 5826 llllll.
