4074 6178
232 84 240 90 ,
254 39 340 84 Σ...»

307 291 378 350 tter
841 291 890 348 AD
921 292 1037 350 OPERA
1057 292 1084 349 S.
1105 291 1270 351 AblBllOSll
1285 293 1473 352 APPENDIX.
1852 315 1899 380 qqgg

308 419 399 487 labiis,
422 425 449 474 et
461 416 598 483 manibus,
610 424 691 488 atque
705 416 767 472 aliis
780 417 951 474 extrinsecus
977 417 1147 480 adhibitisA
1163 437 1238 488 univ,
1250 420 1285 488 ιη
1303 421 1393 477 lCor.
1408 439 1438 489 n,
1454 420 1495 492 9).
1518 421 1562 477 Ad
1585 419 1653 479 lianc
1675 425 1812 490 felicitatem
1832 445 1899 502 miultis

308 508 489 576 ornamentis,
498 507 629 562 nimirum
644 521 711 561 auro
727 513 755 561 et
769 505 883 578 genimis
895 505 1033 563 distinctis
1048 523 1104 564 nae·
1162 509 1253 566 seculi
1281 508 1388 566 divitiis
1411 510 1582 582 constipatus
1602 511 1685 569 David
1706 513 1837 593 anhelabat,
1856 547 1900 588 enm

309 600 423 668 milibus,
434 605 462 654 et
472 596 576 654 caeteris
584 595 755 668 hujusmodi,
767 611 827 668 qum
838 597 998 670 singillatim
1009 615 1104 654 sensus
1159 599 1262 655 diceret
1276 616 1282 656 :
1305 625 1314 646 ι
1330 599 1401 668 Quid
1416 601 1490 656 enim
1502 599 1572 656 anibi
1585 609 1625 656 est
1636 601 1661 658 in
1672 604 1751 663 cmlo:
1765 619 1788 666 et
1799 627 1812 666 a
1823 623 1844 668 te
1854 620 1900 689 qnid

309 687 391 746 medo
406 686 525 742 recolere
540 701 596 742 non
610 693 709 758 potest.
1111 705 1114 712 ’
1159 689 1235 744 volui
1250 696 1446 760 superterram
1469 690 1559 759 (Psoi,
1580 705 1664 759 cxxii,
1684 693 1735 766 ιδ).
1759 721 1767 744 a
1793 699 1866 759 Mutii,
1882 715 1901 762 g

432 774 482 831 Sed
496 775 604 830 caelestis
622 792 699 832 amer
714 775 813 847 patriae
824 779 980 848 respondet:
1161 779 1306 849 regalibus,
1323 779 1438 850 dapibus
1452 787 1480 834 et
1495 781 1678 854 voluptatibus
1700 785 1756 841 aliis
1773 787 1899 863 abundabat,

342 863 371 920 Si
385 872 412 920 te
426 865 477 921 ista
492 880 552 936 quae
572 864 623 922 sub
642 867 712 923 cmlo
734 875 808 933 sunt,
825 865 892 922 adeo
914 868 1032 938 placent,
1056 885 1105 923 car
1160 875 1186 922 et
1200 868 1384 924 nihilominus
1399 869 1552 926 clamabat:
1577 895 1586 918 ι
1600 870 1717 927 Satiabor
1733 889 1787 930 aum
1800 893 1901 950 appama

307 969 364 1011 non
377 953 464 1026 magis
485 971 516 1010 ea
530 970 590 1026 quae
613 955 644 1010 in
665 957 735 1012 coelo
749 963 824 1023 sunt,
847 963 874 1011 te
893 955 1055 1012 oblectanti
1077 955 1104 1011 Si
1160 957 1196 1012 rit
1212 957 1279 1012 rnilri
1298 958 1384 1030 gloria
1406 965 1451 1014 tua
1466 957 1553 1030 (Paul.
1569 975 1627 1026 xri,
1648 960 1702 1032 15),
1726 987 1735 1011 ι
1761 972 1784 1019 ει
1804 983 1899 1026 ronterii:

305 1059 397 1100 carcer
412 1060 427 1099 a
439 1050 466 1099 te
480 1045 552 1100 tanti
566 1045 726 1113 aestimatur,
740 1046 837 1117 patria,
850 1045 956 1112 civitas,
968 1055 994 1101 et
1004 1053 1105 1118 quanta
1166 1047 1280 1102 ‹Sitirit
1294 1048 1386 1102 anima
1400 1064 1460 1102 ntea
1474 1046 1508 1102 ad
1520 1049 1607 1104 Deum
1618 1049 1711 1106 fortem
1721 1051 1813 1122 vivum,
1822 1058 1900 1126 quande

305 1133 371 1190 esti
385 1131 413 1190 st
428 1134 494 1190 talia
507 1143 572 1190 sunt
586 1151 646 1208 quae
660 1137 756 1192 colunt
769 1135 917 1207 peregrini,
935 1135 1026 1205 qualia
1040 1143 1105 1190 sunt
1159 1136 1267 1192 veniam
1284 1146 1310 1193 et
1324 1137 1458 1214 apparebo
1473 1145 1537 1194 ante
1552 1137 1648 1194 taciem
1658 1139 1705 1195 Dei
1715 1142 1793 1212 (Psal.
1806 1147 1897 1216 senili»

305 1239 406 1296 eaquae
421 1223 562 1296 possident
575 1225 627 1280 salii
638 1225 652 1282 i
664 1224 691 1281 Si
711 1225 838 1280 mortales
853 1231 880 1280 et
896 1223 988 1279 miseri
1005 1223 1033 1278 in
1047 1224 1105 1278 rita
1160 1241 1323 1300 rursumque
1339 1244 1344 1282 :
1369 1252 1378 1274 ι
1393 1225 1442 1282 liei
1457 1227 1526 1284 mihi
1548 1227 1613 1301 quia
1636 1227 1761 1285 incolatus
1781 1248 1844 1289 maus
1861 1253 1901 1306 pm·

305 1313 357 1370 bac
372 1314 464 1370 taliter
477 1324 543 1372 sunt
556 1315 653 1372 dilati:
675 1316 846 1372 immortales
860 1324 887 1370 et
899 1315 972 1372 beati
987 1316 1105 1387 qualiter
1160 1316 1285 1388 longatus
1301 1323 1341 1372 est
1356 1317 1442 1388 (Paul.
1460 1334 1536 1385 cnm,
1555 1317 1595 1390 5).
1615 1342 1623 1364 =
1646 1319 1714 1376 Hine
1727 1328 1751 1376 at
1763 1321 1845 1379 Paulus
1855 1342 1903 1398 ape-
1976 1349 1977 1352 ¹

306 1412 371 1461 sunt
384 1407 414 1463 in
428 1405 482 1461 alia
495 1406 714 1462 remunerandi?
737 1405 908 1478 Quapropter
931 1422 1008 1461 aanor
1031 1423 1105 1478 prae-
1160 1407 1270 1462 stolus:
1306 1405 1520 1477 «baldemum,
1545 1407 1647 1480 inquit,
1672 1407 1753 1466 habeo
1773 1411 1870 1480 dissolri,
1885 1425 1903 1471 et
1976 1415 1977 1488 ,

306 1495 391 1554 sentis
404 1494 508 1563 saeculi,
522 1495 550 1550 in
566 1512 621 1570 quo
634 1496 728 1562 nullus
742 1495 780 1552 ita
795 1497 917 1551 nascitur
932 1504 963 1551 ut
977 1512 1032 1550 nom
1049 1511 1104 1550 mo·
1160 1511 1222 1550 cum
1238 1494 1348 1551 Christo
1371 1512 1428 1552 esse
1451 1497 1539 1552 naaalto
1563 1497 1662 1552 melius
1683 1499 1899 1572 tPleilipp.1,23).»
1976 1546 1977 1562 ,

305 1583 403 1651 riatur,
426 1585 552 1656 protinus
570 1584 685 1653 recedit,
699 1594 729 1641 ut
744 1602 821 1641 amor
837 1584 933 1652 futuri,
951 1584 979 1639 in
997 1600 1050 1655 quo
1066 1583 1104 1639 sic
1159 1583 1447 1657 Hisitaquedecursis,
1458 1602 1615 1658 quamquain
1627 1586 1710 1642 multa
1719 1591 1901 1659 praetermiserim,

305 1691 400 1732 omnes
414 1676 604 1746 vivificantur,
615 1685 645 1733 ut
656 1677 785 1748 deinceps
795 1693 848 1732 non
862 1677 1104 1742 momentaneae·
1159 1681 1259 1741 tamen,
1276 1684 1306 1730 ut
1320 1675 1388 1730 mibi
1405 1675 1526 1744 ridetur,
1546 1675 1635 1732 bostis
1658 1675 1740 1734 nostri
1754 1677 1823 1734 tortia
1834 1688 1903 1748 amirei,

305 1761 391 1820 cedit:
409 1764 459 1820 ubi
472 1766 549 1821 nulla
565 1765 715 1822 adversitas
732 1766 835 1834 turbat,
860 1765 937 1820 nulle
959 1765 1104 1821 necessitas
1119 1783 1143 1842 Β
1159 1763 1259 1834 quibus
1273 1763 1317 1836 pie
1332 1764 1455 1820 viventes
1474 1765 1503 1820 in
1522 1763 1635 1821 Christo
1657 1781 1710 1820 non
1731 1765 1818 1822 desinit
1835 1766 1903 1838 inpa-

304 1853 892 1926 eugustat‚nullomolestiainquietat,sed
909 1854 1102 1924 perennislaa-
1157 1869 1250 1923 gnare,
1279 1869 1361 1926 quam
1389 1854 1509 1912 breviter
1537 1853 1731 1911 demonstrari.
1761 1855 1828 1922 Ecce,
1846 1855 1904 1910 trater

304 1941 366 1999 titia
380 1950 485 2016 regnat.
501 1944 553 2000 Sed
567 1960 672 2017 quaeres
689 1945 756 2017 quid
774 1943 812 1999 ibi
839 1944 884 2012 sit,
909 1943 956 2000 nbi
977 1951 1054 2000 tanta
1076 1951 1103 1998 ει
1158 1941 1328 2010 charissime,
1350 1942 1422 1998 inter
1442 1950 1552 2000 caeteras
1573 1961 1648 2000 meas
1667 1945 1838 2016 occupationes
1854 1943 1904 1998 luae

304 2031 368 2087 talis
382 2030 525 2090 beatitudo
538 2034 668 2105 persistit.
693 2033 783 2088 Aliter
804 2031 895 2088 dicere
908 2049 988 2088 nemo
1002 2041 1103 2105 potest,
1157 2031 1208 2088 tibi
1225 2049 1378 2088 sennonem
1393 2034 1536 2090 nocturnis
1550 2033 1630 2090 horis
1652 2033 1751 2090 inculta
1771 2034 1824 2091 licet
1842 2050 1905 2089 rena-

304 2119 358 2176 nisi
374 2121 438 2194 quia
452 2121 587 2195 quidquid
610 2121 677 2178 boui
700 2129 749 2191 est,
774 2122 813 2178 ibi
834 2131 895 2179 est:
921 2129 948 2178 et
968 2121 1103 2196 quidquid
1158 2129 1238 2191 state,
1262 2121 1364 2179 dictavi
1387 2132 1468 2198 atque
1481 2124 1635 2197 conscripsi
1653 2142 1658 2179 :
1676 2139 1752 2198 quem
1767 2139 1823 2196 qam
1838 2123 1905 2194 episto·

304 2210 371 2266 mali
389 2219 439 2280 est,
464 2228 599 2286 nusquam
620 2211 659 2267 ibi
685 2219 735 2268 est.
756 2211 846 2280 Quod,
871 2211 974 2285 inquis,
999 2213 1102 2267 lienum
1157 2212 1244 2266 larum
1261 2212 1392 2268 excedere
1408 2211 1520 2268 niodum
1534 2213 1667 2286 cognovi,
1682 2213 1795 2269 libellam
1806 2210 1905 2285 potiusla

304 2297 375 2354 illud
390 2300 454 2356 esti
468 2299 539 2368 Quid
555 2315 598 2356 me
611 2299 783 2373 interroges?
797 2303 822 2356 A
837 2300 968 2374 propheta
984 2307 1011 2355 et
1024 2304 1103 2372 Apo·
1157 2301 1288 2358 uitiorum
1305 2303 1494 2377 virtutumque
1516 2303 1649 2360 contlictu
1670 2319 1813 2376 nuncupare
1832 2299 1904 2356 malai:

305 2388 375 2444 stolo
389 2389 626 2460 explicatumest:
645 2393 778 2460 «Oculus,
790 2391 933 2463 inquiunt,
949 2407 1005 2446 non
1020 2391 1102 2458 sidit,
1156 2389 1185 2445 iu
1208 2407 1262 2463 quo
1285 2391 1308 2446 si
1330 2391 1520 2450 aedificationis
1544 2392 1653 2466 aliquid
1676 2392 1806 2468 repereris,
1826 2399 1847 2448 et
1865 2387 1907 2443 aliia

303 2491 354 2533 nae
369 2477 443 2533 auris
456 2479 574 2550 audivit,
594 2497 646 2538 nec
665 2481 694 2537 in
716 2498 763 2538 cor
777 2480 900 2536 bortrinis
920 2479 1102 2536 ascenderunt
1157 2479 1247 2552 ipsum
1263 2480 1407 2554 legendum
1424 2482 1530 2540 tradere
1544 2483 1669 2542 curabis.

303 2581 364 2640 quae
377 2568 542 2640 praepararit
557 2570 630 2626 Deus
653 2569 688 2626 iis
711 2569 759 2644 qai
781 2569 901 2642 diligunt
924 2569 1004 2625 illurn
1032 2569 1099 2642 (Iso.

303 2729 1905 2760 —-—--—-----—--------..-..............-.....-..-.-

992 2893 1126 2960 LlBlll
1158 2895 1251 2964 DUO

566 3045 674 3192 llll
732 3043 1207 3198 letalleltlt
1266 3052 1687 3202 eubalum.

358 3257 498 3332 (Easmmt,
510 3273 579 3315 noea
594 3265 618 3316 at
630 3261 795 3318 accuratiore
809 3262 920 3318 editione
934 3263 1035 3332 domati,
1049 3264 1118 3319 iuter
1132 3281 1212 3336 opero
1227 3266 1354 3338 Prosperi
1366 3265 1505 3337 Aquitani.
1526 3267 1589 3328 Vide
1607 3275 1672 3324 mm.
1694 3267 1739 3335 tt,
1751 3265 1796 3321 col.
1814 3261 1875 3328 (ill.)

301 3417 1911 3456 ww

550 3577 664 3686 ,Da
713 3577 1666 3714 lllORlBUQSBRACHMANORUM.

336 3874 455 3932 Habetar
467 3873 509 3932 laia
519 3879 647 3932 tractabas
658 3893 708 3933 aaa.
724 3876 752 3932 ia
768 3877 852 3932 tribas
865 3878 1039 3934 celeberrimis
1056 3881 1143 3938 ltalia
1158 3883 1326 3951 bibliothecis,
1346 3886 1483 3954 Vaticana,
1499 3887 1706 3957 Mediolanensi,
1721 3895 1744 3945 et
1756 3884 1865 3946 aarum
1880 3873 1910 3932 at

300 3963 404 4019 momine
420 3965 451 4020 a.
475 3965 611 4021 Ambrosii
625 3966 834 4024 mediolacensis
847 3967 984 4040 episcopi:
1009 3970 1085 4038 enirn
1110 3977 1195 4026 terrram
1212 3987 1265 4025 aea
1286 3989 1348 4040 esse,
1374 3979 1428 4030 tam
1449 3993 1481 4031 ea
1494 3978 1557 4033 aliis
1580 3979 1703 4035 dubitaui
1724 3981 1812 4050 potest,
1834 3978 1876 4026 tarn
1893 3979 1913 4018 a

300 4048 450 4120 differentia
464 4051 536 4123 styli,
550 4051 597 4122 qai
608 4070 627 4107 a
640 4051 770 4123 pravitate
783 4053 928 4122 Ambrosii,
944 4055 977 4110 aa
991 4056 1120 4125 elegantia
1135 4065 1158 4111 et
1172 4060 1291 4116 aeramine
1311 4063 1450 4119 uerborum
1473 4081 1531 4120 cam
1553 4075 1690 4123 oeuaastate
1714 4064 1842 4136 conjuncto
1862 4058 1915 4120 puga

299 4137 399 4195 distare
411 4139 524 4198 uidetur.
541 4141 592 4198 Sed
603 4157 661 4196 cam
671 4141 700 4197 iu
715 4143 821 4198 cetastis
838 4143 912 4199 libris
926 4161 1019 4199 mamea
1033 4145 1125 4215 ipsias,
1142 4148 1225 4202 meseia
1241 4165 1294 4218 qua
1312 4153 1453 4221 occasione,
1474 4155 1584 4210 sortitas
1598 4155 1660 4225 jam
1680 4157 1725 4222 sit,
1739 4172 1756 4208 a
1771 4149 1838 4206 aubis
1849 4145 1872 4198 in
1884 4141 1915 4192 liar

300 4228 411 4285 editione
424 4230 578 4286 additaaest
590 4233 660 4287 inter
672 4232 729 4288 olio
744 4234 989 4304 opusculaiaeerta,
1006 4251 1064 4304 quae
1077 4235 1136 4288 laic
1150 4243 1239 4291 saneto
1253 4237 1355 4294 doctori
1372 4242 1510 4299 tribaenda
1529 4247 1592 4315 sint,
1616 4261 1706 4313 necue,
1728 4241 1818 4298 aimeri
1838 4228 1915 4291 terreris

294 4315 399 4385 judicio
408 4317 592 4389 relinquimus.
609 4320 681 4392 Opus
694 4327 760 4376 certe
773 4322 860 4392 ipsum
880 4339 933 4377 aare
953 4323 1094 4379 edelredum
1118 4327 1260 4396 expolitum
1282 4327 1407 4397 fatemur.
1428 4333 1471 4390 Vel
1491 4331 1605 4404 seruasse
1630 4332 1787 4391 Ambrosias
1811 4325 1842 4400 (ei
1863 4321 1916 4388 illici

298 4405 422 4462 dicendas
436 4413 472 4462 eal
485 4407 588 4482 caeter)
604 4410 729 4465 Palladia
746 4411 835 4466 Graue
850 4413 949 4467 bomini
963 4413 1085 4478 scriberes,
1100 4415 1196 4485 linquae
1210 4416 1312 4472 Latina
1322 4435 1420 4489 puram
1440 4424 1554 4492 erardilo,
1569 4431 1594 4480 et
1607 4425 1696 4481 adbuc
1706 4420 1798 4494 juaeai
1822 4417 1852 4487 (it
1871 4407 1917 4465 illm

298 4499 344 4564 est,
365 4500 395 4550 at
408 4496 558 4566 conjicitur,
572 4498 619 4570 qai
630 4507 720 4570 postca
733 4500 912 4558 Hibericarum
925 4503 1059 4576 episcopus
1073 4504 1126 4576 [uit
1140 4506 1303 4579 ordinatas),
1319 4509 1419 4580 atejus
1433 4514 1574 4584 aupacimti
1590 4531 1616 4570 se
1630 4511 1844 4574 accommodaret,
1857 4495 1916 4567 magis

298 4595 390 4660 aperte
405 4594 430 4644 at
443 4591 620 4649 communiore
634 4609 750 4650 amruoae
765 4612 827 4650 usas
841 4601 887 4652 est.

333 4757 506 4816 Desiderium
525 4762 625 4819 mentis
648 4770 712 4833 tuae,
736 4765 852 4836 Palladi,
876 4783 936 4840 quaa
960 4767 1129 4834 immensae
1146 4773 1287 4845 propltio).
1305 4773 1436 4830 Habitant
1456 4783 1546 4832 autern
1564 4775 1649 4848 juxta
1677 4775 1807 4849 Gangem,
1831 4763 1917 4825 tliiriaa

298 4848 439 4922 sapientiae
453 4866 545 4907 amore
560 4852 681 4924 incensa,
696 4873 768 4911 nova
780 4873 887 4930 seraper
897 4857 1001 4916 discere
1011 4869 1096 4932 optat,
1152 4863 1236 4919 totius
1251 4865 1335 4921 Indiae
1354 4866 1506 4920 maximum
1530 4867 1574 4938 (Q.
1595 4867 1721 4934 Curtius,
1742 4865 1786 4920 lib.
1802 4859 1866 4928 stlta).
1886 4851 1917 4907 Hit

297 4953 401 4995 novum
422 4937 504 4996 etiam
519 4941 690 5016 arduumque
709 4961 777 5018 opas
798 4947 904 5004 allicere
918 4963 967 5003 nos
977 4951 1097 5021 compel—
1152 4965 1216 5006 vero
1232 4953 1336 5026 Ganges
1350 4955 1397 5010 ille
1412 4963 1452 5012 est
1467 4972 1548 5028 quern
1563 4957 1717 5030 Scriptura
1736 4961 1832 5011 sancta
1844 4943 1917 5003 Ph'ttll

298 5028 340 5098 lit,
355 5029 385 5086 id
398 5046 464 5087 vero
477 5037 519 5087 est
532 5031 766 5090 Brachmanorum
783 5037 898 5108 patriam
914 5038 1098 5095 coarsuetudi-
1151 5042 1299 5112 appellant,
1314 5051 1341 5099 et
1354 5061 1427 5100 unus
1451 5045 1484 5101 de
1505 5053 1623 5118 quatuor
1640 5045 1690 5119 qui
1706 5063 1720 5101 e
1735 5039 1853 5116 paradiso
1865 5029 1918 5088 exire

297 5137 372 5189 nem,
385 5123 527 5198 vitamque
547 5139 697 5183 recensere.
721 5129 779 5200 Ego
801 5131 902 5202 quippe
926 5147 988 5186 eum
1009 5145 1097 5201 neque
1151 5129 1331 5206 perhibentur
1347 5132 1425 5204 (Gen.
1442 5135 1487 5205 n).
1503 5135 1627 5190 Primum
1649 5135 1737 5207 igitur
1760 5132 1866 5188 Musaeus
1884 5119 1918 5174 itt·

298 5211 381 5285 ipsos,
397 5228 486 5286 neque
501 5213 625 5282 ipsorum
641 5215 759 5271 viderim
774 5216 833 5273 loca
850 5219 944 5290 (longo
957 5219 1031 5274 enim
1045 5226 1097 5274 ter·
1151 5227 1193 5275 ter
1206 5229 1300 5276 noster
1313 5223 1481 5279 Dolenorum
1496 5227 1652 5297 episeopus,
1671 5223 1742 5280 mibi
1759 5220 1854 5280 retulit,
1868 5203 1917 5304 qued

297 5311 390 5359 terum
416 5303 504 5374 spatio
528 5321 544 5360 a
567 5311 662 5360 nostra
682 5305 794 5377 Europa
819 5315 883 5362 sunt
905 5306 1047 5379 sejuncti),
1066 5325 1097 5364 ea
1151 5310 1208 5382 ipse
1221 5311 1326 5383 aliquot
1339 5323 1402 5370 ante
1417 5329 1503 5370 annes
1523 5315 1557 5371 ad
1581 5313 1690 5381 ladius,
1709 5311 1879 5370 Brachmanae
1890 5313 1917 5351 ιι·

296 5391 350 5449 tibi
365 5391 512 5449 dumtaxat
524 5411 584 5467 quae
598 5393 633 5450 ab
646 5393 822 5464 aliisaudivi,
839 5404 865 5452 et
880 5413 940 5470 quae
954 5417 970 5454 a
984 5397 1096 5472 scripto·
1151 5397 1228 5454 sendi
1248 5399 1340 5456 studio
1360 5403 1542 5474 prolecturus,
1565 5403 1690 5460 Saricam
1716 5401 1771 5459 fere
1793 5397 1918 5454 unimam

296 5481 376 5540 ribus
401 5483 553 5558 desumpsi,
581 5503 707 5544 enarrare
735 5489 857 5544 tentabo.
893 5489 1097 5547 Brachmania
1151 5488 1289 5560 regionem
1318 5491 1490 5564 peragravit;
1519 5494 1547 5548 in
1576 5507 1632 5566 qua
1658 5491 1744 5550 refert
1764 5487 1862 5546 arbores
1878 5485 1919 5532 ace

297 5575 440 5632 nonnullis
455 5578 698 5651 gymnosophistae,
723 5593 739 5634 a
759 5576 923 5651 quibusdam
938 5579 1096 5652 philosophi
1151 5598 1210 5655 quaa
1226 5597 1281 5638 non
1295 5582 1385 5639 solum
1403 5583 1480 5652 lolia,
1497 5583 1543 5640 sed
1557 5584 1648 5638 lanam
1676 5595 1785 5656 quoque
1806 5569 1918 5651 proterant

297 5679 345 5720 seu
355 5666 492 5738 sapientae
505 5669 637 5727 ludorum
648 5671 821 5744 appellentur
831 5669 978 5744 (Strabol.
988 5674 1094 5732 vaeo-
1151 5674 1351 5745 tenuissimam,
1367 5691 1401 5733 ex
1416 5671 1470 5749 qua
1484 5677 1650 5734 vestimenta
1670 5671 1857 5734 conficiuntur,
1876 5667 1918 5731 qne
