4052 6192
125 295 177 354 889

366 331 369 338 .
462 363 466 372 ⁸
568 295 796 352 BERENGAUDI
814 295 1002 354 Expostulo
1021 296 1057 352 th·
1076 295 1328 355 APOCALYPSIN.

1723 298 1776 358 890

162 421 254 494 (Vere.
282 419 323 492 2.)
346 421 383 476 Et
405 418 461 475 vidi
482 420 603 490 onpelom
616 418 721 490 formos,
736 419 923 491 prosilientem
941 424 1072 484 Aautem
1092 429 1203 494 propter
1226 421 1416 486 fortitudinem
1436 431 1572 492 sooatur;
1597 423 1662 497 quia
1684 397 1803 480 diaho'

125 529 184 568 vose
207 529 315 580 mopso.
341 511 463 584 Angelus
485 509 565 566 fortis
588 511 681 566 Patres
705 509 813 568 Veteris
827 511 925 566 Testa-

125 601 212 659 menti
240 600 388 674 signilioat,
412 601 460 674 qui
484 616 551 656 voee
573 615 671 673 magna
685 600 922 673 praedioavemnt;

124 691 190 764 quia
217 691 356 750 Christum
386 690 420 746 ad
444 689 661 762 redemptionem
687 689 794 762 generis
809 690 923 747 humani

123 789 274 838 venturum
295 796 353 836 esse
375 778 573 852 praedixerunt.
600 779 666 848 Qttt's
690 785 727 834 est
749 781 843 852 dipsas
857 797 925 850 ope-

123 875 180 930 rire
208 874 305 930 librum
318 879 343 928 et
356 873 455 929 soluere
475 873 611 944 sipnoouto
632 871 712 942 ejas?
742 872 924 946 Interrogatio

121 963 213 1036 angeli
235 961 403 1019 desiderium
423 969 580 1019 sanatorum
609 960 763 1034 signifieat;
780 960 924 1018 desidera-

121 1057 191 1113 bant
205 1054 279 1111 euim
294 1053 381 1110 saneti
397 1052 490 1110 videre
514 1052 656 1110 Christum
675 1051 705 1108 in
724 1069 816 1121 earne,
829 1059 856 1108 et
868 1069 924 1109 au-

120 1145 184 1202 dire
199 1159 338 1202 sermones
353 1142 413 1216 ejus
422 1163 429 1212 ;
448 1159 480 1199 eo
495 1143 568 1216 quod
586 1142 689 1199 seirent
707 1141 801 1199 omnia
815 1151 924 1214 myste-

121 1235 165 1290 ria
181 1233 288 1290 Veteris
311 1232 479 1290 Testamenti
504 1231 584 1289 abeo
599 1248 657 1289 esse
673 1231 832 1299 revelanda,
852 1232 925 1289 siout

120 1324 181 1396 ipse
195 1322 269 1379 dixit
292 1321 436 1396 discipulis
449 1321 530 1378 suis:
558 1321 646 1378 Amen
671 1321 732 1378 dieo
755 1321 844 1387 vobis,
860 1321 925 1395 quia

121 1414 206 1473 multi
220 1413 361 1486 prophetae
381 1423 409 1471 et
436 1429 512 1486 reges
526 1414 674 1470 voluerunt
693 1413 786 1470 videre
801 1429 861 1486 quae
876 1431 925 1470 vos

121 1503 234 1573 ridetis,
250 1509 276 1559 et
290 1519 346 1559 non
360 1503 509 1570 videruot;
533 1509 559 1558 et
574 1503 669 1560 audire
690 1517 751 1576 qua
769 1501 882 1574 auditis,
898 1508 924 1558 et

127 1611 186 1650 uon
206 1593 356 1650 audierunt
373 1593 448 1666 (Lite.
463 1609 492 1660 x,
509 1591 567 1664 et).

161 1693 255 1766 (Vers.
271 1693 312 1765 3.)
332 1694 369 1750 El
395 1709 470 1748 nemo
497 1692 591 1764 dipsas
614 1693 733 1748 inventus
747 1699 878 1764 estusque
897 1694 925 1749 ia

980 513 1038 570 lum
1053 513 1132 581 visit,
1148 519 1175 568 et
1195 513 1295 570 eleetos
1310 529 1373 569 suos
1388 512 1422 569 ab
1437 511 1496 584 ejus
1509 521 1640 585 potestate
1659 514 1772 586 eripuit.

980 601 1127 682 Vicitergo
1141 602 1226 659 leode
1241 603 1316 659 tribu
1326 601 1405 670 Juda,
1415 603 1495 659 radix
1504 601 1604 670 David,
1616 602 1776 672 diabolum;

980 699 1011 747 ut
1025 691 1142 764 aperiret
1166 691 1267 747 librrrm
1288 699 1315 746 et
1338 698 1440 763 septem
1456 690 1687 764 signaoulaejus;
1713 692 1778 764 quia

981 780 1052 838 liber
1064 797 1119 837 non
1134 790 1225 853 posset
1250 780 1359 852 aperiri,
1376 780 1430 836 nisi
1450 782 1526 852 prius
1540 781 1698 837 vinceretur
1712 781 1777 838 dia-

979 873 1069 941 bolus,
1084 889 1143 945 que
1154 872 1271 930 victoria
1286 872 1391 944 apertio
1406 871 1459 928 fuit
1473 871 1582 928 Veteris
1597 872 1776 928 Testamenti.

979 961 1122 1030 Quomodo
1135 971 1236 1034 septem
1250 962 1390 1034 signacula
1400 961 1546 1034 aperuerit,
1559 960 1777 1035 insequentibus

979 1051 1113 1108 dicemus.

1016 1149 1106 1221 (Vers.
1123 1148 1162 1220 6.)
1176 1151 1213 1206 Et
1227 1148 1282 1204 vidi
1297 1149 1325 1204 in
1336 1148 1418 1204 medio
1434 1148 1532 1214 throni,
1549 1154 1574 1203 el
1591 1153 1706 1218 quatuor
1719 1147 1776 1202 oai·

979 1239 1101 1306 aeolium,
1116 1245 1139 1294 et
1157 1239 1300 1304 senior-um,
1324 1256 1421 1310 optram
1435 1245 1545 1294 stentem
1563 1237 1641 1309 quasi
1655 1237 1778 1305 occisam,

979 1329 1112 1386 habentem
1131 1347 1230 1385 cornua
1254 1335 1358 1400 septem,
1378 1335 1403 1384 et
1425 1329 1513 1384 oeulos
1535 1334 1640 1400 septem,
1655 1326 1702 1398 put'
1717 1334 1780 1382 strat

979 1426 1074 1492 septem
1095 1419 1207 1490 spiritus
1234 1420 1293 1488 Dei,
1324 1419 1397 1474 missi
1420 1420 1448 1474 in
1474 1435 1575 1474 ornnem
1600 1424 1631 1472 ter
1641 1435 1709 1473 rom.
1727 1417 1779 1473 Per

981 1509 1111 1566 thronum
1138 1517 1165 1565 et
1190 1518 1308 1583 quatuor
1321 1509 1452 1565 animalia
1469 1516 1496 1564 ol
1510 1508 1630 1565 seniores
1645 1523 1700 1562 una
1719 1507 1778 1563 Eo-

894 1645 897 1652 .
980 1599 1135 1657 elesiacum
1150 1599 1258 1656 eunetis
1272 1599 1329 1656 suis
1344 1599 1488 1655 ordinibus
1503 1598 1670 1671 designatur.
1684 1596 1779 1669 Agnus

981 1706 1047 1746 vero
1070 1705 1127 1746 non
1146 1689 1262 1757 occisus,
1282 1688 1329 1745 sed
1348 1696 1477 1760 tanquam
1499 1688 1606 1744 occisus
1630 1686 1706 1743 visus
1720 1695 1777 1755 est;

118 1784 195 1851 creto,
209 1799 290 1854 ireque
312 1782 340 1837 in
364 1788 446 1849 erro,
475 1798 556 1852 ireque
578 1783 668 1838 subtus
696 1789 795 1838 merom
817 1783 958 1854 aperireB
979 1782 1044 1856 quia
1061 1790 1176 1838 mortem
1192 1781 1221 1837 in
1239 1781 1358 1837 transitu
1374 1778 1505 1852 gustavit,
1527 1787 1554 1835 et
1568 1780 1649 1850 paulo
1663 1784 1724 1850 post
1738 1795 1777 1836 re·

120 1872 222 1928 librum
238 1877 262 1926 et
273 1872 373 1926 soluere
386 1870 524 1942 sipaoealo
537 1870 600 1941 eius.
625 1869 724 1928 Nullus
739 1887 856 1943 namque
870 1887 926 1926 an-

119 1963 202 2034 gelos
217 1961 317 2018 eoelum
333 1958 503 2028 inhabitans,
519 1961 613 2016 nullos
623 1958 715 2032 justus
728 1959 759 2015 in
775 1966 846 2017 terra
861 1976 924 2016 eon·

118 2051 235 2119 sistens,
253 2051 347 2106 nullus
361 2049 443 2106 etiam
459 2066 494 2105 ex
508 2048 543 2106 iis
557 2048 605 2123 qui
620 2049 717 2106 mortis
728 2048 850 2105 debitum
865 2049 925 2106 sol-

119 2147 232 2209 verant,
241 2138 270 2196 in
282 2139 386 2198 mundo
397 2157 518 2215 unquam
527 2142 665 2214 apparuit,
676 2141 724 2214 qui
735 2158 820 2214 genus
829 2140 924 2198 huma·

117 2247 190 2288 num
206 2229 239 2288 de
252 2239 387 2304 potestate
401 2231 506 2288 diaboli
521 2232 679 2302 redimeret,
699 2249 760 2307 quae
772 2231 925 2306 redemptio

115 2320 227 2393 apertio
241 2328 282 2378 est
297 2321 404 2378 Veteris
418 2321 595 2378 Testamenti.

161 2418 252 2482 (Vens.
269 2417 308 2491 h.)
339 2420 377 2476 Et
392 2435 437 2490 epo
450 2419 542 2490 &bom
559 2420 683 2486 multone,
706 2419 833 2491 quonium
852 2436 925 2476 nemo

114 2506 218 2578 dipsas
234 2507 352 2563 inventos
375 2514 413 2563 est
438 2508 543 2580 operire
559 2509 666 2578 librum,
686 2525 731 2564 nee
754 2509 842 2564 uidere
856 2525 923 2564 eum.

115 2599 242 2654 Joaunes
264 2597 294 2652 in
316 2596 369 2655 hoo
384 2597 444 2654 loeo
459 2614 602 2670 personam
618 2598 687 2672 gerit
701 2613 796 2654 eorum
811 2597 846 2654 de
857 2597 926 2670 qui-

115 2687 177 2742 bus
202 2684 284 2742 modo
299 2685 433 2753 diximus,
463 2685 491 2743 id
518 2696 559 2744 est
573 2695 681 2759 patrum
704 2687 813 2744 Veteris
827 2687 926 2744 Testa-

117 2773 233 2842 rneuti;
260 2775 362 2831 llebant
376 2775 450 2832 enim
465 2776 553 2832 sancti
567 2777 698 2844 multum,
713 2792 747 2834 eo
770 2776 844 2851 quod
859 2793 926 2849 my-

116 2863 209 2920 steria
230 2862 434 2936 Scriptumrum
463 2863 516 2920 sihi
545 2863 706 2922 abscondita
733 2865 827 2921 nullus
855 2871 925 2921 esset

116 2952 172 3028 qui
200 2953 241 3010 eis
262 2953 462 3024 manifestaret,
488 2953 637 3027 nullusque
664 2961 735 3012 esset
764 2954 811 3027 qui
841 2970 926 3027 genus

116 3044 278 3099 humanum
308 3043 446 3116 perditum
468 3043 501 3101 de
520 3051 654 3117 potestate
675 3043 779 3100 diaboli
807 3051 924 3100 erueret.

979 1889 1103 1946 surgens,
1122 1896 1131 1920 ι
1143 1870 1200 1944 iam
1215 1887 1271 1927 nou
1286 1871 1413 1938 moritur,
1431 1887 1503 1926 mors
1518 1869 1560 1926 illi
1576 1870 1648 1926 ultra
1664 1884 1720 1924 non
1731 1866 1779 1925 do·

980 1960 1132 2016 minabitur
1143 1959 1341 2030 (Rom.v1,9);·
1358 1960 1404 2031 qui
1420 1974 1524 2016 oornua
1534 1967 1637 2029 septem
1647 1956 1779 2014 etoeulos

980 2057 1083 2121 septem
1103 2048 1231 2106 habuisse
1255 2048 1332 2104 visus
1346 2057 1396 2105 est.
1413 2047 1487 2116 Quid
1501 2048 1557 2104 sint
1572 2057 1664 2106 autem
1676 2055 1780 2120 septem

980 2138 1064 2202 oculi.
1080 2139 1137 2212 ipse
1152 2140 1266 2211 exponit
1279 2155 1342 2196 oum
1355 2137 1499 2212 subjungit
1515 2156 1521 2194 :
1546 2138 1598 2207 Qut
1612 2144 1674 2193 sant
1686 2143 1781 2209 septem

979 2228 1090 2300 spiritus
1105 2227 1163 2297 Dei,
1177 2228 1252 2283 missi
1266 2227 1294 2283 ia
1307 2244 1408 2284 omnem
1417 2233 1524 2283 terram.
1535 2226 1587 2282 Per
1601 2242 1705 2284 eornua
1715 2241 1781 2282 vero

980 2335 1050 2391 saepe
1064 2335 1147 2391 regna
1160 2318 1348 2391 designantur.
1364 2317 1501 2374 Videntur
1517 2334 1581 2390 ergo
1603 2316 1673 2373 mihi
1697 2317 1780 2372 aliam

980 2406 1210 2479 significationem
1234 2407 1334 2464 habere
1362 2423 1476 2476 cornua,
1499 2406 1583 2462 aliam
1607 2405 1704 2474 osuli;
1732 2421 1781 2478 per

980 2505 1083 2571 septem
1104 2514 1223 2570 namque
1248 2513 1352 2554 oornua
1375 2512 1472 2552 omues
1495 2496 1575 2552 electi
1589 2494 1779 2566 designantur,

981 2588 1029 2660 qui
1045 2603 1158 2660 regnum
1169 2587 1218 2644 Dei
1234 2596 1377 2654 vocantur,
1393 2600 1511 2658 quorum
1526 2599 1636 2640 omnem
1654 2583 1780 2640 multitu·

980 2676 1074 2732 dinem
1101 2674 1226 2748 superius
1255 2676 1284 2731 ia
1309 2682 1413 2746 septem
1443 2681 1531 2746 partes
1551 2671 1708 2729 divisimus.
1734 2671 1777 2728 Ad

980 2759 1099 2842 primum
1113 2768 1197 2840 igitur
1211 2783 1298 2824 oornu
1317 2765 1397 2822 eleoti
1418 2765 1465 2839 qui
1486 2771 1550 2821 ante
1568 2761 1708 2820 diluvium
1723 2764 1781 2821 lue·

980 2871 1056 2932 runt,
1072 2864 1228 2936 pertinent:
1245 2861 1440 2918 adserendum
1457 2877 1521 2916 vero
1534 2859 1554 2916 ii
1569 2858 1616 2931 qui
1632 2866 1693 2931 post
1708 2858 1780 2915 dilu-

981 2951 1057 3008 vium
1077 2967 1163 3024 usque
1183 2949 1218 3006 ad
1237 2950 1324 3022 legem
1339 2949 1474 3006 luerunt:
1499 2947 1533 3004 ad
1554 2945 1666 3004 tertium
1686 2953 1777 3004 autom

981 3040 1002 3096 ii
1016 3041 1065 3114 qui
1080 3041 1202 3114 sublege
1216 3041 1329 3098 luerunt
1346 3057 1351 3094 :
1368 3038 1402 3094 ad
1420 3045 1549 3110 quartum
1565 3035 1705 3109 propbeta
1720 3053 1726 3090 :
1744 3036 1779 3094 ad

115 3131 176 3190 Sed
192 3131 372 3205 quaerendum
400 3132 480 3190 nobis
502 3141 544 3192 est
558 3150 608 3190 our
620 3133 705 3203 dieat,
733 3133 808 3191 huno
823 3133 925 3189 librum
941 3144 966 3208 0
981 3129 1110 3204 quintum
1122 3129 1142 3186 ii
1158 3129 1205 3203 qui
1220 3145 1255 3186 ex
1271 3127 1374 3186 ludaeis
1386 3125 1562 3186 erediderunt
1574 3125 1603 3182 iu
1618 3124 1777 3182 Christum:

116 3240 134 3278 a
165 3221 246 3277 uullo
272 3237 350 3293 posse
378 3219 477 3290 videri,
502 3239 566 3279 oum
596 3223 723 3295 superius
756 3221 831 3280 dieat
852 3223 926 3295 quod
981 3219 1015 3276 sd
1030 3227 1139 3276 sextum
1168 3221 1287 3293 populus
1312 3216 1423 3290 gentilis
1440 3233 1446 3272 :
1466 3215 1501 3271 ad
1516 3213 1665 3288 septimum
1680 3229 1746 3270 vero
1759 3213 1781 3270 ii

115 3327 187 3369 eum
217 3309 247 3366 in
271 3309 385 3368 dextera
406 3310 527 3368 sedentis
554 3328 637 3384 super
657 3311 789 3369 thronum
813 3312 924 3369 viderit.
981 3311 1028 3384 qui
1051 3309 1081 3365 in
1100 3308 1265 3366 finemundi
1281 3307 1501 3373 nasciturisunt,
1516 3313 1621 3362 etcum
1634 3303 1782 3362 Antichri-

116 3399 265 3460 Videbant
288 3416 408 3474 namque
432 3400 539 3474 antiqui
564 3402 667 3468 Patres,
692 3417 810 3474 quorum
828 3407 927 3474 typum

115 3491 245 3546 ,loannes
268 3487 298 3544 in
317 3489 371 3547 hoo
395 3490 456 3548 looo
479 3497 565 3557 tenet,
576 3489 685 3547 Veteris
704 3489 873 3547 Testamenti
888 3490 927 3546 li-

115 3579 218 3646 brum,
235 3585 263 3634 et
281 3593 336 3634 non
352 3577 505 3636 videbant:
530 3578 662 3636 videbant
678 3580 829 3636 seeundum
848 3579 928 3636 litte-

115 3683 195 3734 ram,
217 3674 245 3722 et
267 3683 323 3723 non
339 3667 470 3726 videbant
481 3667 634 3726 seeundum
649 3667 802 3742 spiritalem
817 3668 928 3726 intelli-

116 3756 249 3829 gentiam
264 3755 335 3830 (ts).

161 3857 256 3930 (Vere.
271 3857 312 3931 5.)
337 3861 374 3916 ut
398 3875 467 3914 anta
488 3859 519 3916 de
538 3859 685 3917 senioribus
700 3861 770 3918 dixit
786 3860 850 3916 mibi
865 3877 874 3915 .·
890 3861 929 3916 Ne

115 3949 238 4022 fleveris.
264 3949 330 4007 Vies'l
353 3950 391 4006 leo
412 3951 443 4006 de
460 3950 629 4020 tribu-ludo,
645 3951 927 4018 sternutationis,

115 4046 233 4120 aperire
248 4047 355 4116 libmtm,
379 4054 404 4104 et
418 4050 518 4105 solvere
531 4057 626 4121 septem
640 4051 777 4122 sipnoeulo
792 4049 858 4121 ejus.
873 4050 928 4106 Vi-

115 4136 210 4194 detur
233 4135 303 4192 mihi
322 4136 445 4194 eamdem
471 4137 701 4211 significationem
717 4139 817 4196 habere
831 4138 928 4195 senio-

116 4243 197 4294 retn,
222 4241 305 4299 quem
325 4235 352 4283 et
376 4228 521 4295 ioannem,
537 4245 618 4301 quam
633 4229 716 4285 etiam
732 4228 859 4302 angelum
875 4229 927 4285 lor·

116 4327 202 4382 tem;
233 4315 370 4388 signifieat
395 4318 470 4374 euim
494 4319 587 4373 Patres
610 4318 719 4376 Veteris
749 4319 927 4375 Testamenti.

980 3407 1023 3456 sto
1038 3398 1201 3471 pugnaturi.

1019 3496 1110 3568 (Vens.
1126 3496 1166 3568 7.)
1184 3497 1221 3552 m
1235 3494 1314 3562 venit,
1337 3500 1361 3549 et
1387 3493 1485 3564 occepit
1504 3491 1602 3548 librum
1627 3492 1659 3547 de
1672 3491 1782 3546 dextera

982 3586 1094 3641 sedentis
1118 3603 1199 3658 super
1221 3586 1355 3642 thronum.
1371 3582 1503 3656 Superius
1517 3581 1641 3638 diximus
1654 3580 1724 3652 (sep.
1741 3598 1781 3648 rv,

981 3693 1049 3733 vers.
1066 3676 1094 3748 Ξ)
1118 3693 1165 3750 per
1182 3676 1321 3734 sedentem
1344 3677 1373 3732 in
1387 3674 1489 3732 throno
1503 3673 1644 3732 Christum
1658 3671 1782 3744 designa·

981 3773 1041 3822 tum
1056 3766 1142 3824 luisse
1159 3785 1164 3822 :
1181 3765 1228 3823 sed
1243 3765 1308 3839 quia
1323 3765 1380 3838 ipse
1394 3763 1466 3822 dixit
1484 3782 1490 3820 :
1514 3787 1522 3811 ι
1536 3764 1595 3834 Ego
1610 3761 1639 3818 iu
1652 3762 1743 3830 Patrer
1757 3769 1784 3818 et

981 3858 1060 3914 Pater
1077 3857 1107 3912 in
1121 3873 1164 3912 me
1177 3863 1227 3924 est,
1257 3863 1284 3912 et
1307 3856 1354 3929 qui
1377 3853 1453 3910 ridet
1468 3869 1521 3922 me,
1538 3851 1613 3908 videt
1634 3860 1661 3908 et
1674 3852 1782 3908 Patrem

984 3945 1270 4020 (loon.xrv,l0,9);
1300 3969 1309 3994 ·
1341 3945 1369 3999 in
1385 3944 1438 4000 hoo
1453 3943 1512 3998 loeo
1526 3940 1623 3998 sedens
1637 3940 1666 3995 in
1681 3941 1783 3996 throno

982 4037 1090 4094 Patrem
1116 4035 1241 4109 designat
1267 4054 1273 4092 :
1299 4034 1412 4092 dextera
1434 4048 1499 4088 vero
1514 4030 1603 4087 Patris
1615 4029 1703 4085 Filius
1717 4035 1780 4084 est:

983 4133 1174 4198 agnusautem
1189 4125 1342 4193 hominem,
1367 4138 1447 4196 quem
1472 4121 1598 4178 Christus
1622 4117 1781 4190 assumpsit,

983 4215 1117 4290 designat.
1142 4217 1237 4289 Agnus
1259 4232 1322 4288 ergo
1348 4213 1450 4270 librum
1478 4211 1512 4268 de
1535 4209 1648 4267 dextera
1660 4208 1783 4266 sedentis

983 4323 1065 4378 super
1086 4306 1218 4362 thronum
1233 4303 1356 4378 aceepit3
1376 4301 1441 4376 quia
1457 4301 1540 4358 homo
1555 4298 1682 4356 Christus
1699 4315 1715 4355 a
1730 4315 1779 4355 sua

114 4404 251 4478 Angelus
269 4421 388 4478 namquo
404 4405 486 4463 fortis
503 4406 654 4478 interrogat
668 4405 731 4479 quis
745 4415 815 4464 esset
829 4407 930 4480 dignus
984 4393 1130 4451 divinitate
1148 4397 1263 4466 acceTV,
1291 4401 1322 4450 1¹2
1345 4397 1514 4449 ⁵²⁰¹³¹¹¹⁰¹¹¹³
1528 4387 1688 4446 divinarum
1702 4387 1782 4446 3⁰¹5·

8 4501 13 4508 '
114 4509 235 4569 aperire
248 4494 350 4552 librum
364 4513 369 4552 :
388 4495 506 4553 loannes
520 4497 577 4564 llet,
592 4496 707 4570 eoquod
722 4498 816 4554 nullus
828 4499 928 4570 dignus
942 4498 967 4559 D
983 4491 1126 4556 Tulliium
1140 4491 1282 4540 Γθῦθΐᾶῐθῑ·

115 4593 199 4644 esset
222 4585 328 4657 aperire
344 4584 446 4642 librum
465 4604 471 4642 :
493 4585 584 4643 senior
607 4603 674 4644 vero
696 4587 776 4656 dioit,
792 4587 865 4658 quod
881 4605 928 4661 per
1020 4583 1110 4656 (Vens.
1125 4583 1166 4654 8.)
1186 4585 1223 4640 m
1241 4599 1300 4638 eom
1312 4582 1458 4654 operuisset
1473 4581 1581 4650 libram,
1595 4585 1713 4650 quotuor
1726 4579 1784 4635 ani·

115 4679 248 4744 leonem,
279 4674 309 4730 id
336 4683 377 4732 est
412 4691 459 4749 per
486 4675 637 4745 Christum,
670 4677 834 4751 aperiendus
860 4685 930 4736 esset
983 4672 1067 4728 motta
1085 4681 1108 4728 et
1135 4673 1227 4742 oipioti
1253 4677 1369 4743 quotuor
1392 4671 1506 4726 seniores
1528 4669 1677 4726 eeeidemrst
1694 4683 1785 4724 eoram

115 4766 211 4823 liber.
234 4763 287 4820 Per
308 4764 436 4838 angelum
464 4765 550 4839 igitur
572 4766 672 4824 fortem
695 4766 725 4825 hi
739 4767 929 4844 designantur,
984 4762 1059 4832 stim
1082 4762 1200 4817 Mbtlllli
1229 4761 1327 4833 Vndl‘ll'
1353 4760 1481 4828 vimmo
1506 4766 1530 4816 θ’
1552 4759 1661 4831 lilim
1686 4774 1785 4814 ‘illm'

113 4854 188 4930 qui,
213 4852 400 4912 desiderantes
423 4856 573 4914 adventurn
595 4857 710 4926 Christi,
725 4857 931 4932 interrogabant
981 4851 1075 4921 plebat
1100 4849 1341 4916 odoramentorum,
1364 4867 1422 4920 (Μ
1447 4855 1509 4904 sont
1524 4847 1786 4904 02'022'011088‘1'10‘0·

113 4961 184 5020 quo
198 4949 321 5016 tempore
335 4954 471 5002 venturus
484 4953 554 5003 esset
583 4964 589 5002 :
618 4946 737 5004 ioannes
751 4963 817 5004 vero
831 4963 877 5004 eos
894 4947 931 5004 si·
985 4936 1242 5005 tvm-Quaetflssdssffl
1256 4938 1335 4995 nobil
1350 4946 1401 5006 0⁸²,
1411 4937 1550 5012 tlu0ffl⁰d0
1564 4945 1627 4994 ³⁰¹⁹
1642 4933 1783 4992 mmihi·

112 5031 243 5110 gnilioat
268 5033 315 5108 qui
331 5032 443 5104 llebant,
463 5051 496 5090 eo
511 5034 585 5108 quod
600 5042 677 5092 tanto
697 5044 818 5108 temporo
832 5035 930 5092 tarda·
983 5043 1046 5084 uem
1062 5027 1216 5101 sigillorum
1231 5029 1301 5086 liber
1314 5029 1414 5100 aperiri
1427 5027 1556 5101 potuerit.
1571 5026 1624 5084 Sed
1634 5024 1784 5098 spirituali·

113 5129 194 5182 ret:
214 5121 308 5178 senior
321 5130 412 5180 autem
428 5123 575 5196 prophetas
586 5123 721 5196 designat,
733 5126 781 5199 qui
797 5125 931 5186 dixerunt
983 5127 1027 5176 ter
1040 5120 1249 5194 intelligendum
1265 5129 1316 5179 est.
1340 5120 1484 5194 Propheta
1499 5135 1617 5192 partique
1632 5117 1781 5173 adventum

111 5227 186 5287 quo
201 5208 283 5266 modo
297 5219 324 5267 et
338 5227 393 5284 quo
411 5219 535 5284 tempore
555 5220 690 5268 venturos
710 5223 789 5270 esset.
810 5215 862 5271 Per
876 5215 931 5272 loo-
984 5207 1097 5280 Christi,
1109 5210 1264 5284 passionem
1274 5218 1301 5266 et
1312 5209 1540 5267 resurrectionem
1550 5208 1621 5281 ejus,
1632 5200 1782 5278 aliquando

111 5315 194 5360 nem
218 5299 305 5371 igitur
319 5298 442 5358 detribu
456 5301 667 5360 ludaChristus
684 5300 860 5376 intelligitur,
882 5303 929 5377 qui
984 5315 1032 5372 per
1068 5300 1197 5374 quasdam
1230 5300 1342 5374 figuras,
1367 5299 1516 5375 aliquando
1540 5295 1642 5368 apertis
1668 5289 1784 5348 roribus

109 5405 166 5450 ex
180 5387 258 5446 tribu
284 5388 355 5446 iuda
375 5399 402 5450 et
427 5390 556 5464 progenie
582 5389 670 5448 David
694 5399 772 5449 ortus
799 5400 849 5450 est.
876 5391 931 5449 beo
984 5395 1195 5468 praedixerunt:
1223 5396 1272 5455 sed
1299 5406 1327 5454 et
1349 5393 1512 5468 patriarchas
1538 5392 1567 5448 in
1590 5390 1648 5448 sois
1675 5387 1784 5447 astibus

111 5599 298 5750 (saffiram
312 5617 390 5674 mss.;
411 5603 478 5664 edit.
509 5620 586 5678 vero,
615 5604 709 5662 veteris
732 5607 887 5668 Testamenti
913 5605 1022 5672 teron.
1050 5615 1074 5670 et
1102 5626 1155 5672 noa
1176 5609 1298 5674 emebant
1323 5607 1464 5668 emundans
1493 5605 1660 5680 spirituatem
1682 5606 1786 5670 intelli·-
