4038 6168
237 361 306 422 tull
750 359 798 416 AD
817 357 935 416 OPERA
953 355 981 414 S.
1002 353 1169 415 ausnosu
1187 353 1377 414 Arruunrx.
1826 353 1895 414 lult

237 491 293 550 duo
307 492 430 562 nomina,
454 491 482 548 id
497 497 538 550 est
552 489 642 548 tidelis
656 498 683 548 et
698 503 795 558 verax,
820 505 907 546 unum
922 503 1034 546 sensum
1049 489 1074 551 Α
1089 487 1205 558 Christi,
1221 503 1282 561 quaa
1292 503 1327 544 ex
1341 483 1448 559 angelis
1457 482 1595 542 etsanctis
1605 481 1766 541 hominibus
1776 489 1895 557 constat,

238 581 342 640 habeut
357 585 386 640 in
396 581 449 638 hoc
461 582 533 638 loco.
548 581 631 639 Recte
645 579 734 638 Filius
750 579 808 653 (ol)
820 577 870 636 Dei
885 575 977 636 tidelis
993 593 1039 633 vo·
1094 578 1123 634 in
1139 578 1187 633 illa
1201 577 1306 634 coelesti
1327 574 1500 634 beatitudine
1513 590 1563 632 suo
1578 572 1725 647 splendore
1746 581 1894 630 exornant.

238 680 327 742 catur,
353 674 387 730 de
415 687 469 746 quo
496 671 565 728 dicit
593 670 757 727 Psalmista:
790 694 799 719 ι
820 668 925 726 Fidelis
946 666 1038 724 Ilomi·
1130 669 1222 740 (Vere.
1240 668 1490 740 remisserunt
1509 666 1635 738 quisunt
1656 665 1686 722 in
1706 667 1778 726 celo.
1803 681 1898 737 seque-

239 777 291 819 nus
306 761 335 816 in
349 759 479 816 omnibus
493 759 586 817 verbis
600 759 667 829 suis,
692 766 718 816 et
734 765 846 816 sanetus
865 757 895 813 in
910 755 1040 814 omnibus
1094 757 1262 813 hectoreum
1276 757 1303 811 in
1317 757 1390 828 equis
1400 755 1480 825 olbis,
1494 755 1582 812 vestiti
1593 755 1697 826 byssino
1712 755 1772 812 albo
1787 755 1895 811 mundo.

238 849 367 924 operibns
390 848 446 905 suis
468 850 556 921 (Ptol.
580 865 674 917 exure,
701 849 784 921 13).»
815 848 948 905 veracem
972 860 1040 900 vero
1093 847 1223 904 Diximus
1237 847 1365 920 superins
1383 847 1449 921 quia
1469 845 1560 921 qualis
1577 845 1852 904 Christusasanctls
1869 847 1896 902 in

238 939 357 1011 seipsum
382 939 411 994 in
437 937 589 1011 Evangelio
612 943 702 1006 vocat,
733 936 846 993 diceus:
882 931 1040 1006 ‹Egosum
1094 934 1149 992 fine
1164 935 1261 992 mundi
1285 935 1490 1008 praedicabitnr‚
1506 933 1712 1006 talisetfigura
1727 934 1786 1008 ejus
1801 932 1896 991 booin

238 1029 293 1098 via,
318 1026 470 1096 ditemus,
493 1027 774 1099 etvita(Joan.x1v,
791 1024 858 1096 6).›
888 1023 1036 1097 Sequitur:
1095 1031 1155 1088 1000
1170 1029 1346 1088 describitur,
1362 1027 1645 1102 Perooelumergoin
1659 1026 1789 1084 hocloco
1804 1027 1897 1083 Eccle-

238 1121 276 1177 Et
288 1135 346 1173 cnm
356 1117 467 1187 justitie
477 1116 584 1186 indicet
597 1123 620 1172 et
632 1122 743 1188 pugnet.
773 1115 834 1170 Nou
858 1113 942 1170 armis
967 1113 1041 1168 Deus
1094 1119 1152 1176 sia:
1169 1136 1217 1192 per
1231 1120 1371 1178 exercitus
1385 1119 1479 1194 quide
1494 1120 1564 1177 coelo
1575 1116 1739 1191 processisse
1755 1113 1897 1172 Christum

239 1208 268 1266 in
292 1209 337 1265 die
357 1207 458 1280 judicii
481 1215 577 1263 eontra
596 1206 696 1279 impios
718 1203 900 1261 dimicaturus
917 1209 969 1270 est,
992 1199 1040 1256 sed
1093 1217 1239 1281 sequentes
1254 1208 1308 1264 visi
1324 1216 1400 1278 suns,
1415 1207 1503 1266 sancii
1519 1205 1565 1280 qui
1589 1206 1619 1261 in
1642 1204 1696 1262 fine
1719 1205 1817 1261 mundi
1840 1219 1898 1261 nas.

238 1298 298 1371 ejus
310 1295 420 1369 justitia
434 1296 667 1369 expugnabuntur
686 1304 713 1352 et
728 1302 921 1361 conterentur;
947 1291 1042 1348 omnia
1094 1297 1188 1364 citeri,
1203 1308 1230 1356 et
1241 1297 1549 1356 contradntichristnm
1564 1295 1711 1369 pugnaturi
1726 1302 1801 1365 suut,
1817 1297 1897 1352 iutel-

239 1389 313 1446 enim
329 1394 439 1458 peccata
454 1387 603 1459 impiorum
622 1393 703 1459 atque
723 1385 827 1440 scelera
848 1382 876 1438 in
892 1387 1042 1454 conspectu
1094 1387 1238 1461 ligentur:
1258 1404 1307 1460 ρει
1325 1403 1410 1462 equos
1430 1396 1521 1445 autem
1545 1401 1678 1458 corpora:
1705 1401 1754 1457 per
1779 1401 1898 1443 sessores

239 1493 334 1534 eorum
359 1475 477 1532 adducet
499 1475 646 1543 Dominus,
668 1482 700 1531 ut
720 1474 810 1532 sciant
833 1488 861 1530 se
885 1471 1041 1546 justissimo
1095 1495 1161 1536 vem
1174 1474 1898 1554 equorumanjmaedestgnantur‚plh05igiturequffi

239 1566 289 1623 Dei
301 1565 409 1639 judicio
423 1580 481 1622 esse
494 1564 649 1622 damnatos.
1095 1567 1222 1626 babuisse
1247 1569 1300 1626 visi
1324 1577 1400 1638 sunt,
1416 1569 1481 1644 quia
1496 1585 1524 1627 se
1539 1567 1658 1624 mundos
1679 1574 1706 1623 et
1729 1566 1845 1636 nitidos,
1869 1569 1897 1624 in

1095 1667 1228 1733 quantum
1254 1657 1377 1715 bumana
1399 1657 1534 1732 fragilitas
1558 1655 1705 1730 permittit,
1727 1655 1898 1714 exhibebunt

276 1707 367 1780 (Vere.
385 1707 443 1780 lt.)
470 1705 547 1764 Oculi
565 1705 623 1776 ejus
643 1706 710 1762 sicut
733 1709 842 1778 ρεειιιια
864 1705 945 1776 iente,
967 1709 992 1759 et
1014 1702 1041 1758 in
1097 1747 1103 1758 .
1344 1747 1350 1759 .
1425 1747 1431 1758 .
1482 1747 1488 1758 .
1669 1745 1676 1756 .
1857 1744 1863 1756 .

239 1797 323 1868 capite
354 1813 402 1851 wo
429 1795 583 1852 diadem
605 1795 701 1850 muna·
730 1795 781 1850 Per
804 1792 900 1851 oeulos
927 1789 1040 1849 Domini
1096 1763 1125 1803 ιιι
1138 1757 1288 1820 conspectu
1301 1749 1362 1807 Der.
1380 1746 1453 1816 Quid
1466 1755 1503 1803 srt
1517 1761 1583 1802 vero
1600 1745 1758 1819 byssinum,
1772 1761 1897 1818 supernus

240 1885 359 1960 Spiritus
373 1883 424 1941 uei
447 1884 506 1957 (65)
527 1883 696 1958 designatur,
710 1884 781 1941 sicut
795 1883 920 1941 intentis
934 1882 1042 1940 visione
1056 1847 1079 1909 B
1095 1844 1211 1982 eaponn
1219 1839 1403 1985 &nmmum
1421 1843 1523 1910 ’ΠΜ
1533 1836 1737 1908 mmmm
1754 1841 1815 1891 ”mi
1828 1853 1895 1891 Μ’

241 1981 336 2032 suem
351 1971 435 2044 nujus
451 1972 663 2046 lihrierponit:
681 1973 808 2041 neceas,
831 1973 933 2047 nque,
948 1973 1042 2045 syloe
1095 1927 1217 2074 Ὗ(
1241 1929 1278 2074 ὦ·
1313 2019 1340 2074 Ε
1363 2017 1414 2074 Mb
1428 2017 1442 2073 b
1491 2015 1496 2028 .
1585 2017 1592 2029 .
1749 2017 1756 2029 .

241 2063 449 2132 oeuloseeptem,
475 2062 523 2135 qni
546 2069 610 2119 sunt
626 2068 721 2134 septem
744 2061 856 2135 spiritns
880 2061 940 2128 nei,
967 2061 1042 2118 missi
1132 2018 1224 2118 ‘eri‘
1277 2018 1297 2090 i
1341 2023 1351 2072 t
1415 2023 1676 2116 eaimvemmim
1695 2023 1721 2161 ἴ
1745 2034 1774 2116 ”i
1801 2015 1898 2117 inim

242 2151 271 2208 in
284 2167 385 2206 omnem
401 2156 509 2207 ursam.
521 2151 557 2206 Et
572 2151 637 2224 qnia
652 2150 762 2208 flamma
776 2151 833 2208 urit
845 2159 873 2207 et
888 2150 1039 2220 illuminat,
1096 2123 1143 2162 ⁸¹⁴⁰
1157 2113 1299 2179 ΜΡΝ·
1322 2108 1493 2179 ΗΜΜ
1510 2111 1534 2160 ⁶²
1552 2105 1681 2162 mmmm
1713 2113 1897 2162 mmmm

242 2259 298 2300 non
314 2240 542 2300 inconvenienter
561 2239 681 2313 Spiritus
696 2247 806 2298 sanctus
822 2239 964 2297 flammeus
984 2256 1042 2296 esse
1095 2193 1147 2250 Per
1162 2201 1371 2338 {esumemum'
1386 2202 1458 2252 mut
1478 2210 1604 2338 suffm
1625 2193 1897 2338 d¹¹¹in⁰⁸’m⁵³02{t¹³

242 2331 362 2398 dicitnr;
389 2329 510 2403 eoquod
523 2329 607 2388 eorda
621 2328 745 2385 lidelinm
761 2337 788 2385 et
802 2327 943 2384 illuminet
958 2336 985 2384 et
1001 2327 1041 2382 in·
1095 2298 1144 2355 per
1176 2289 1360 2363 emma-um
1376 2298 1411 2338 ΒΧ
1435 2299 1489 2356 ‘1⁰⁰
1525 2298 1627 2339 umam
1651 2299 1770 2355 ⁰r¹3⁰p
1857 2299 1898 2338 Μ

357 2420 363 2431 .
578 2420 584 2431 .
677 2418 683 2429 .
748 2419 775 2450 ¹.
838 2418 843 2428 .
914 2419 918 2428 .
1096 2371 1209 2438 dicitnr,
1223 2371 1307 2428 homo
1322 2388 1404 2446 quern
1417 2371 1544 2431 Christus
1554 2371 1711 2444 assumpsit,
1726 2371 1896 2444 designatur.

242 2420 341 2480 cendat
355 2436 385 2476 ιιι
400 2435 521 2476 amorem
536 2419 597 2476 Der.
621 2421 659 2476 Et
672 2435 701 2474 sn
715 2426 799 2492 capite
818 2435 876 2490 eyes
891 2419 1042 2476 diademato
1097 2463 1128 2518 [n
1145 2461 1308 2520 vestimento
1323 2461 1415 2536 itaque
1430 2477 1481 2520 suo
1494 2461 1568 2536 quod
1583 2461 1641 2534 ipse
1661 2461 1697 2518 sit
1714 2461 1774 2517 Rex
1794 2478 1898 2535 regum,

1096 2559 1230 2632 scriptum
1245 2559 1386 2616 habebat:
1413 2560 1478 2636 quia
1497 2560 1526 2618 in
1553 2559 1682 2632 operibns
1703 2556 1899 2616 suesanus

1096 2665 1158 2705 rum
1174 2649 1334 2723 agnoscitur
1347 2648 1423 2707 hunc
1442 2665 1500 2707 esse
1519 2666 1614 2706 verum
1638 2650 1736 2717 Deum,
1762 2647 1813 2721 qui
1836 2649 1901 2703 tales

1096 2752 1190 2795 servos
1205 2737 1336 2812 possidet.
1353 2738 1439 2795 Habet
1452 2747 1480 2795 et
1507 2738 1536 2794 in
1560 2738 1664 2795 femore
1685 2754 1737 2793 suo
1765 2736 1900 2809 scriptum

1096 2826 1169 2901 quod
1203 2829 1260 2901 ipse
1286 2828 1323 2885 sit
1344 2830 1401 2887 llex
1424 2845 1519 2902 regum
1543 2837 1570 2888 et
1592 2827 1728 2885 Dominus
1750 2826 1903 2883 dominan-

242 2955 311 3029 ejus,
322 2957 375 3014 nisi
386 2956 683 3030 ipseiSciuntquidem
695 2956 782 3012 sancti
793 2955 843 3013 Dei
853 2954 1041 3014 nomenChri·
1096 2916 1181 3018 tium}
1199 2918 1265 2992 qnia
1279 2917 1307 2975 in
1321 2917 1450 2990 θρωπε
1469 2935 1529 2992 ‘¹⁰²⁰
1544 2919 1572 2974 in
1588 2935 1669 3020 ΜΨ
1682 2917 1793 3018 ,ΡῩςὴω
1809 2917 1901 2990 3Νῆ

1097 3016 1238 3080 cognitum
1258 3015 1299 3064 est
1318 3007 1394 3066 huno
1405 3023 1462 3066 esse
1476 3025 1572 3065 vorum
1588 3010 1637 3065 Der
1657 3008 1773 3066 Filium.
1798 3007 1902 3064 Possu-

243 3047 289 3114 sti,
303 3045 377 3121 quod
392 3044 638 3114 asturicensis
649 3045 839 3103 nesciunt.Ex
853 3054 929 3119 parte
940 3045 1043 3120 quippe
1097 3111 1159 3154 mus
1181 3097 1264 3154 etiam
1285 3115 1334 3171 per
1347 3097 1438 3154 femur
1452 3106 1541 3172 patres
1555 3097 1656 3155 veteris
1669 3097 1854 3164 Testamenti,
1868 3115 1902 3154 ex

242 3133 346 3202 scium,
361 3141 435 3190 etex
450 3135 1040 3207 partenesciunt;inomnibusenimorea·
1255 3186 1261 3197 .
1386 3187 1391 3198 .
1503 3188 1537 3199 ..
1680 3186 1736 3198 ..
1816 3187 1822 3196 .

242 3223 313 3281 turis
327 3239 388 3297 qum
400 3222 517 3297 gignunt
531 3232 559 3282 et
569 3226 729 3300 gignuntur,
741 3226 835 3282 nullus
845 3223 921 3282 iilius
932 3244 1042 3284 coaevus
1057 3202 1079 3265 G
1096 3202 1214 3285 quirum
1227 3194 1312 3260 stupe
1326 3187 1454 3246 Chnstus
1469 3203 1604 3262 mimam
1619 3186 1712 3255 ‘lum'
1727 3187 1898 3260 mmmm

242 3321 332 3386 potest
347 3328 404 3370 esse
419 3313 509 3387 patri;
526 3315 590 3389 quia
605 3331 715 3374 neeesse
729 3326 770 3373 est
785 3322 816 3372 nt
831 3316 973 3374 antecedat
993 3315 1041 3390 qui
1096 3289 1144 3348 ‘¹¹¹¹
1158 3282 1186 3333 ⁰²
1200 3291 1289 3348 ΨΜ
1306 3276 1561 3376 praefigummfum’
1575 3285 1602 3334 ει
1615 3275 1690 3375 qimd
1710 3291 1770 3347 ’με
1790 3276 1901 3374 ΜΨ

242 3408 363 3475 generat,
388 3408 416 3458 et
440 3402 623 3479 subsequatur
650 3404 698 3478 qui
722 3410 882 3478 generatur:
913 3404 959 3463 sed
985 3421 1041 3462 non
1096 3373 1166 3466 mei
1179 3367 1343 3466 Renegim
1365 3375 1393 3425 et
1415 3369 1549 3424 D⁰m¹m¹⁵
1563 3366 1782 3434 d⁰m¹n³m¹um’
1800 3373 1900 3438 aperi„

241 3492 306 3548 talis
324 3500 365 3549 est
380 3502 478 3550 nature
499 3493 563 3550 Filii
587 3493 656 3561 Dei;
675 3511 738 3550 nam
765 3503 793 3551 et
809 3496 1041 3568 quemadmodum
1095 3454 1422 3527 vocmuspraemmnt‘
1506 3545 1511 3556 .
1636 3545 1641 3554 .
1843 3544 1848 3554 .

241 3578 322 3635 Pater
336 3580 450 3636 estsine
465 3580 557 3648 initio,
580 3581 621 3637 sie
636 3590 662 3638 et
675 3581 773 3638 Filius.
797 3583 833 3638 Et
848 3584 975 3656 quamvis
988 3583 1042 3642 boc
1133 3544 1225 3616 ivm·
1243 3545 1300 3619 ¹⁵¹)
1323 3546 1404 3604 Em
1422 3563 1467 3602 οη
1487 3562 1544 3617 ‘³¹⁸⁸
1568 3545 1674 3617 ww
1687 3549 1783 3600 mm
1802 3545 1898 3600 mm

242 3665 381 3741 quomodo
404 3667 464 3724 fieri
489 3667 586 3739 possit,
616 3669 788 3726 considerare
806 3686 862 3725 non
884 3671 1039 3744 possimus3
1096 3632 1244 3691 P⁰⁸⁸um¹²³
1260 3650 1309 3708 per
1322 3636 1479 3693 ⁰³D⁰¹¹¹¹¹¹¹
1503 3633 1611 3692 ⁰⁰⁸d⁰¹²¹
1635 3633 1844 3707 pmmmm‘
1869 3633 1900 3689 de

243 3757 404 3815 inveritate
424 3763 516 3813 umen
538 3757 676 3816 credimus
696 3768 723 3818 et
748 3759 913 3816 condemur
938 3762 1041 3820 Filium
1096 3721 1198 3822 quim
1212 3723 1345 3794 ‘imm'
1364 3725 1412 3799 qni
1427 3723 1456 3780 in
1475 3723 1530 3780 ⁰¹¹⁰
1555 3722 1652 3779 mundi
1673 3722 1813 3820 mim
1826 3729 1899 3822 simi

1095 3826 1228 3884 accipere,
1244 3829 1293 3886 per
1309 3830 1427 3887 quorum
1443 3829 1473 3870 os
1487 3813 1616 3886 loquetur
1635 3813 1720 3881 Deus,
1746 3821 1823 3869 ssent
1845 3827 1901 3883 ipse

1095 3899 1168 3959 dixit
1181 3901 1212 3958 in
1225 3905 1392 3978 Evangelio:
1416 3904 1500 3961 «Non
1520 3902 1595 3960 enim
1619 3918 1670 3958 vos
1690 3901 1758 3959 estis
1783 3904 1834 3976 qui
1857 3905 1901 3958 lo-

1096 3990 1224 4063 quimini,
1253 3993 1300 4050 sed
1329 3992 1451 4066 Spiritus
1474 3991 1563 4048 Patris
1585 3991 1670 4048 vestri
1697 3989 1747 4064 qui
1777 3991 1900 4065 loquitur

1095 4078 1125 4136 iu
1139 4080 1219 4138 vobis
1234 4081 1341 4154 (Hohl.
1357 4098 1386 4152 x,
1399 4081 1458 4154 20).
1473 4105 1483 4128 ι
1504 4081 1541 4139 Et
1557 4081 1615 4154 ipse
1629 4079 1698 4139 dicit
1712 4096 1762 4154 per
1775 4081 1900 4154 propbe-

243 2512 337 2568 multo.
349 2511 400 2566 Per
410 2509 565 2567 diademata
573 2509 661 2566 multa
674 2507 988 2567 multitudosanctorum
996 2525 1042 2566 ex·

242 2600 382 2675 primitur.
408 2599 512 2657 liabens
526 2617 618 2656 nomen
632 2599 771 2672 seriptum,
785 2599 855 2670 guod
869 2615 944 2655 nemo
958 2599 1041 2667 coeit,

241 2687 295 2744 nisi
309 2689 372 2761 ipse.
384 2687 453 2746 Cum
462 2689 587 2762 superius
598 2687 672 2746 dicat
681 2687 747 2762 qnia
756 2687 906 2744 vocabatur
916 2686 1006 2743 fidelis
1016 2694 1042 2743 et

242 2793 338 2848 verax,
349 2786 376 2834 et
387 2777 469 2852 paulo
484 2785 545 2850 post
559 2777 624 2849 quia
634 2775 784 2834 vocabatur
796 2792 897 2833 nomen
907 2773 966 2848 ejus
977 2775 1042 2834 Ver-

241 2867 308 2926 bum
320 2869 370 2926 Dei
380 2887 386 2936 ;
396 2867 464 2942 quid
478 2875 519 2924 est
535 2866 609 2940 quod
619 2866 686 2924 dicit
702 2866 777 2940 quod
786 2883 868 2924 nemo
878 2866 931 2925 scit
941 2882 1043 2923 nomen

242 3863 292 3920 per
306 3845 401 3903 omnia
415 3845 550 3919 aequalem
566 3854 594 3902 et
606 3864 731 3906 comvnm
746 3864 803 3906 esse
817 3847 901 3906 Patri.
926 3850 965 3907 Ile
990 3850 1042 3909 hae

242 3933 301 4010 ejus
318 3936 493 4008 generatione
508 3935 641 4008 propheta
661 3936 784 4010 loquitur
797 3935 913 3995 dicens:
945 3961 955 3985 ‹
981 3937 1040 3996 Ge-

240 4025 414 4082 nerationem
429 4023 489 4098 ejus
503 4024 566 4099 quis
580 4025 720 4084 enarrabit
736 4025 804 4100 (lac.
821 4043 885 4098 ιιιι,
901 4028 930 4101 8)
942 4027 979 4086 l·

278 4163 369 4237 (Vere.
393 4164 451 4237 la.)
475 4167 513 4222 Et
527 4165 634 4222 vestitam
647 4172 705 4222 erol
718 4173 785 4222 ceste
802 4183 913 4239 aspersu
935 4167 1040 4239 sangni-
1094 4179 1172 4228 tam:
1200 4173 1258 4228 «Si
1282 4171 1450 4245 separaveris
1473 4169 1655 4246 pretiosuma
1677 4170 1741 4238 vili,
1766 4171 1849 4244 quasi
1872 4187 1900 4226 os
2010 4231 2011 4266 ,

240 4269 289 4309 ns:
315 4259 340 4309 et
360 4254 506 4310 nocebatur
528 4269 622 4312 nonen
642 4254 700 4326 εἰει
723 4257 835 4316 Verbum
856 4257 916 4314 Dei.
945 4259 1041 4316 Possu·
1096 4275 1187 4316 meum
1211 4261 1266 4319 eris
1290 4262 1399 4334 (Ieron.
1422 4277 1471 4330 xv,
1495 4261 1552 4332 19).
1574 4285 1584 4308 ι
1609 4261 1660 4316 Ρει
1684 4260 1812 4333 gladium
1835 4277 1900 4318 vero

241 4357 303 4399 mus
327 4358 376 4414 per
397 4350 501 4399 vestem
529 4359 629 4415 corpus
656 4342 775 4401 Christi:
806 4361 854 4416 per
880 4349 1040 4419 sanguinem
1095 4349 1219 4408 divinam
1234 4351 1415 4425 Scripseram,
1430 4351 1502 4410 siout
1523 4352 1649 4424 superius
1663 4350 1800 4420 diximus,
1821 4351 1900 4407 intel·

241 4448 307 4490 vero
322 4442 430 4505 peccata
444 4440 549 4504 nostra,
574 4449 623 4506 pro
643 4434 744 4507 quibus
760 4445 886 4495 mortuus
908 4447 950 4496 est
970 4439 1039 4512 ipse,
1095 4439 1179 4512 ligere
1191 4439 1332 4512 debemus,
1348 4442 1420 4498 sicut
1433 4439 1503 4500 dicit
1525 4441 1665 4513 apostolus
1684 4438 1811 4496 Paulus:
1835 4465 1845 4488 ι
1866 4441 1898 4496 Et

241 4525 300 4582 sive
315 4525 401 4600 ipsam
416 4534 535 4582 mortem
550 4541 632 4598 quam
647 4527 761 4599 pertulit
781 4543 831 4599 pro
846 4529 936 4598 nohis,
962 4530 1040 4587 intel·
1057 4565 1080 4623 D
1095 4529 1215 4601 gladium
1245 4531 1370 4604 spiritus,
1399 4530 1473 4605 quod
1500 4539 1541 4588 est
1564 4529 1679 4586 verbum
1707 4530 1759 4586 Dei
1786 4533 1896 4602 (Ephes.

241 4613 334 4685 ligere.
361 4612 415 4669 Sed
434 4613 499 4686 quie
526 4623 637 4685 peccata
663 4615 814 4673 electorum
841 4633 954 4675 suorum
984 4635 1041 4676 ιιιο-
1096 4637 1135 4690 νι,
1155 4620 1237 4693 ll).·
1258 4620 1311 4689 Qui
1332 4627 1429 4677 acutus
1446 4635 1504 4676 esse
1522 4618 1638 4682 elicitum
1665 4617 1733 4691 quia
1760 4619 1797 4676 ed
1820 4635 1896 4675 rese-

241 4701 337 4759 rieudo
353 4701 467 4766 delevit,
488 4707 516 4757 et
530 4701 617 4773 ipsam
630 4711 747 4759 mortem
762 4705 930 4779 resurgendo
951 4709 1037 4765 calce·
1091 4710 1180 4768 cande
1195 4709 1273 4778 vitia,
1290 4708 1386 4766 divina
1400 4707 1542 4780 Scriptura
1560 4707 1718 4766 acutissima
1738 4715 1792 4764 est.
1821 4709 1853 4765 gn
1870 4707 1897 4760 is

240 4792 293 4860 vit,
309 4791 382 4848 sieut
397 4791 467 4849 dicit
480 4790 619 4864 apostolus
633 4792 750 4849 Paulus:
784 4791 935 4852 «Christus
949 4813 1036 4853 resur·
1090 4797 1149 4872 ipso
1159 4799 1294 4870 percutiet
1307 4804 1402 4869 genus.
1423 4795 1560 4854 Percutiet
1581 4796 1708 4854 Christus
1731 4794 1827 4868 gladio
1847 4807 1896 4850 suu

240 4895 306 4954 gens
324 4883 472 4940 amomuis
490 4881 547 4954 jam
570 4898 626 4938 non
651 4884 778 4952 moritur,
805 4901 880 4942 mors
899 4887 941 4943 illi
964 4888 1038 4944 ultra
1092 4898 1196 4962 gentes,
1221 4889 1332 4963 qnando
1355 4905 1403 4961 per
1422 4887 1576 4944 doctrinam
1599 4895 1758 4944 sanctorum
1782 4901 1894 4942 snorum

240 4987 298 5027 nou
310 4969 502 5028 dominabitur
513 4971 600 5033 (Rom.
618 4987 657 5038 vr,
671 4972 719 5042 9);
737 4996 746 5021 ι
764 4973 864 5030 melius
877 4973 948 5031 mihi
963 4974 1037 5030 vide·
1091 4978 1236 5036 hominum
1244 4980 1394 5036 stultorum
1403 4977 1462 5049 (67)
1470 4993 1576 5034 errores
1585 4976 1758 5033 destrueth't
1765 4975 1895 5048 spenser

239 5067 285 5117 tur
299 5067 330 5117 ut
344 5076 392 5133 per
408 5067 512 5116 vestem
527 5057 630 5116 Christi
647 5060 858 5118 multitudinem
878 5072 1035 5120 sanctorum
1091 5070 1172 5124 essin
1188 5071 1265 5140 virge
1281 5069 1392 5140 femen:
1411 5074 1435 5123 et
1452 5073 1579 5139 tostqnnm
1601 5082 1648 5122 nos
1670 5067 1748 5137 lipsii
1771 5064 1895 5136 metris·

238 5151 436 5226 intelligamus,
459 5149 508 5223 qni
535 5157 601 5206 suut
620 5150 743 5208 membra
768 5151 849 5225 ejus:
875 5169 923 5226 per
947 5163 1037 5227 guttas
1091 5165 1191 5230 pentes.
1223 5159 1275 5214 Per
1295 5160 1401 5232 virgam
1422 5157 1539 5212 lerneam
1563 5153 1748 5226 Evangelium
1770 5153 1896 5210 diximus

237 5253 330 5304 autem
343 5243 497 5317 sanguinis,
512 5242 613 5316 quibus
627 5243 713 5302 vestis
726 5262 835 5319 aspersa
849 5261 907 5304 esse
924 5247 1033 5318 legitur,
1091 5247 1175 5304 luisse
1196 5247 1392 5321 designatum
1417 5253 1491 5318 reget
1515 5261 1580 5318 ergo
1603 5243 1731 5301 Christus
1746 5251 1843 5316 gentes
1866 5239 1895 5294 in

237 5344 373 5410 martyres
385 5334 576 5407 designantur,
601 5332 650 5406 qui
669 5349 719 5406 pro
740 5351 834 5392 amore
848 5335 952 5394 Christi
977 5352 1037 5392 ean·
1091 5337 1168 5410 virga
1188 5339 1285 5406 ferrea,
1307 5338 1417 5412 quando
1440 5355 1489 5412 per
1509 5335 1664 5395 doctrinam
1689 5341 1852 5392 sanctorum
1868 5339 1895 5386 et

237 5425 348 5498 guinem
363 5423 479 5482 fondere
492 5437 548 5478 non
563 5419 782 5490 dubitaverunt;
800 5423 918 5497 ideoque
933 5433 1035 5483 vestem
1090 5424 1200 5482 ludens
1212 5426 1247 5483 ad
1260 5425 1343 5484 iidem
1359 5443 1437 5485 suam
1450 5432 1604 5494 convertet,
1625 5425 1774 5482 etelectus
1799 5421 1833 5480 ab
1853 5436 1897 5478 er-

285 5521 332 5664 Mi
352 5519 546 5578 ellemberto
560 5517 628 5575 edit.
644 5517 826 5600 desideratur.
1090 5522 1234 5596 Bpssinum
1250 5524 1333 5596 igiter
1343 5523 1556 5598 justificetionss,
1570 5533 1624 5582 etc.

285 5593 320 5650 65
353 5593 428 5674 Edit.
444 5599 537 5675 etrus.
553 5591 631 5663 Reg,
657 5590 776 5663 Spiritus
790 5596 917 5662 sumtum
944 5593 1037 5652 caeteri
1128 5596 1186 5668 (til)
1210 5596 1312 5653 Omnes
1334 5597 1411 5665 edit,
1439 5597 1575 5654 hominnm
1602 5595 1753 5668 infidelium
1764 5613 1777 5661 ,·
1799 5607 1898 5653 ornnes

237 5679 315 5729 mss,
331 5666 447 5732 sparetus
460 5664 519 5719 Dee.
1092 5682 1168 5737 mss,
1187 5667 1323 5724 hominnm
1337 5669 1491 5728 stultorum.

273 5731 333 5804 (66)
353 5733 394 5790 lta
409 5749 475 5791 mss.
490 5752 498 5803 3
515 5733 582 5792 edit.
598 5748 676 5800 vero,
695 5733 819 5806 superius
831 5736 978 5807 sepositum
988 5743 1034 5797 set.
