4038 6168
731 255 779 313 AD
799 253 916 312 OPERA
934 251 962 311 S.
980 251 1148 312 AMBROSII
1165 249 1356 312 APPRNDIX.

460 827 463 834 Ι
747 606 1348 783 Aaronom

486 905 582 1052 AR
643 899 886 1052 OPERA
942 895 1195 1050 SANGTl
1237 891 1605 1048 AMBROSR.

813 1401 981 1488 PARS
1023 1398 1293 1488 ALTERA

385 1584 604 1671 complectens
628 1579 787 1670 opuscula
811 1597 885 1670 qum
909 1581 942 1650 in
966 1580 1110 1652 editione
1132 1575 1343 1651 Benedictina
1366 1593 1433 1646 non
1456 1582 1533 1646 sunt
1555 1575 1711 1646 admissa.

614 1952 865 2034 ADMONITIO
903 1953 949 2029 tu
981 1953 1097 2030 ACTA
1133 1955 1172 2031 S.
1209 1953 1489 2032 SEBASTIANI.
1581 2069 1584 2073 .

773 2121 849 2186 (dcta
863 2118 914 2174 SS.
934 2117 1053 2173 Bolland.
1070 2117 1177 2172 ianuar.
1195 2123 1258 2168 tom.
1277 2114 1327 2183 11.)

262 2486 288 2542 i.
316 2481 397 2540 Illius
433 2497 464 2538 ac
496 2479 628 2536 sonoram
663 2479 732 2536 Acta
767 2485 850 2535 censet
885 2478 1022 2538 Bononiae
1034 2501 1060 2560 Α
1076 2479 1176 2536 tradita
1197 2479 1379 2552 interpomsse.
1408 2481 1497 2551 Neque
1517 2481 1602 2553 stglns
1618 2479 1651 2538 ab
1669 2479 1811 2538 Ambrosii
1828 2481 1884 2538 ele-

224 2593 271 2636 on.
286 2574 348 2644 286,
363 2591 437 2631 nam.
454 2573 481 2644 A,
501 2589 559 2630 esse
573 2570 696 2644 legitima
709 2587 741 2629 ac
755 2569 838 2644 digna
852 2587 913 2645 qna
926 2571 1027 2628 Anna-
1080 2569 1171 2641 pontia
1184 2573 1209 2624 et
1220 2568 1350 2640 pronitate
1362 2570 1473 2626 maltam
1486 2570 1592 2628 recedit.

225 2666 299 2723 libus
313 2671 482 2722 attexantur.
505 2663 620 2720 Ioannes
637 2662 758 2718 Hesselsa
778 2661 909 2728 Maenio,
924 2660 1027 2718 Moloni
1115 2658 1142 2715 l.
1163 2660 1207 2716 Ea
1220 2659 1289 2716 Acta
1302 2659 1439 2716 Rosweidc
1454 2665 1545 2716 nostro
1567 2675 1674 2715 eacus.
1699 2658 1885 2731 neamepeast

224 2755 360 2828 mopsien,
370 2755 400 2811 in
409 2751 725 2823 censuradegnibnsdom
734 2757 886 2807 maclarum
895 2750 1024 2821 nistoriis,
1080 2765 1161 2821 prope
1187 2749 1356 2821 Epstodinm,
1384 2750 1549 2823 Egstodiano
1575 2751 1630 2810 PP.
1657 2750 1883 2822 Pradieatoruns‚

225 2846 291 2902 satis
310 2844 444 2918 alioquin,
458 2850 489 2899 at
503 2842 569 2898 aiiii
582 2860 601 2898 a
614 2840 688 2896 nodis
701 2841 847 2897 indicmnm
863 2847 910 2907 est,
924 2857 1024 2910 seuero,
1079 2839 1119 2900 Ai-
1139 2839 1246 2908 lauert,
1262 2841 1290 2896 S.
1304 2840 1419 2898 Martini
1432 2839 1549 2897 Treuiris
1558 2839 1709 2912 descripto,·
1720 2841 1884 2897 comalimas

224 2933 279 2990 ists
308 2934 431 2990 scribit:
459 2931 487 2989 S.
517 2929 670 2988 sebastiani
693 2937 750 2985 tota
777 2931 867 3002 passio
895 2928 1025 2987 omnibus
1080 2945 1138 2984 cam
1159 2945 1222 2985 nise.
1252 2930 1280 2987 S.
1297 2929 1407 2998 Gisleni,
1437 2929 1465 2986 S.
1487 2929 1649 2996 Andomari,
1667 2931 1695 2987 S.
1723 2929 1881 2998 Maximini,

225 3021 317 3078 ntodis
331 3022 431 3094 placet,
447 3021 476 3078 in
491 3035 546 3094 qua
559 3020 711 3076 multorum
724 3018 842 3076 aliorum
857 3019 947 3092 passio
960 3035 1024 3076 con·
1078 3019 1225 3092 Ripatorii,
1252 3019 1376 3091 aliisque,
1406 3025 1430 3076 et
1453 3019 1554 3077 Banini
1581 3019 1728 3080 Mambritii
1754 3020 1881 3077 editione.

227 3111 341 3168 tinetur.
1080 3111 1144 3179 Qua
1168 3110 1279 3167 Licinus
1298 3111 1427 3167 Brevitas
1453 3108 1667 3182 Antaerpiensis,
1689 3110 1834 3178 minorita,
1850 3127 1883 3166 es

1077 3217 1128 3258 ms.
1153 3199 1335 3259 Meciliniensi
1353 3201 1472 3270 imumto
1490 3208 1583 3258 tamen
1599 3198 1729 3258 nonnihil
1752 3201 1842 3274 stylo,
1856 3205 1883 3256 at

261 3291 288 3349 2.
308 3291 348 3348 Es
362 3290 442 3360 Acta,
464 3289 552 3362 ingnit
566 3288 728 3358 Romanius,
751 3296 878 3348 asanctae
893 3290 1024 3349 Romanae
1078 3295 1190 3346 metatur
1217 3291 1353 3358 Molanas,
1378 3297 1402 3347 et
1425 3295 1497 3362 patet
1516 3291 1620 3362 legenti)
1648 3289 1764 3348 monii
1787 3289 1880 3356 edidit,

223 3380 356 3438 Ecclesia
380 3379 497 3437 notariis
518 3379 676 3454 conscripta
699 3386 841 3452 putantur.
865 3379 899 3438 ld
919 3381 1024 3451 quidun
1077 3377 1223 3450 dicavitque
1240 3379 1324 3451 Vigilo
1338 3379 1478 3435 Zuiclsemo
1500 3379 1605 3436 concilii
1621 3377 1736 3436 Aesarei
1755 3377 1881 3450 praesidi,

224 3473 299 3529 nodis
317 3472 423 3528 minime
444 3473 553 3528 cladium
572 3479 609 3529 est
619 3490 630 3538 ,·
649 3477 678 3528 ot
690 3489 744 3528 non
762 3471 897 3543 fortassis,
913 3479 1024 3530 utnnme
1077 3469 1124 3526 loc
1141 3469 1257 3542 proeslm
1283 3467 1384 3526 titulo:
1406 3467 1594 3526 Memorabilis
1613 3467 1731 3525 historia
1753 3467 1882 3540 comple-

224 3561 254 3616 in
267 3561 389 3617 manicas
411 3569 481 3618 sant.
510 3562 576 3618 Sam
599 3562 694 3616 loram
715 3567 808 3616 auctor
824 3561 853 3618 S.
867 3562 1023 3618 Ambrosias
1077 3565 1153 3616 utens
1178 3556 1386 3615 conversionem
1415 3563 1443 3615 et
1469 3573 1570 3630 agones
1593 3557 1744 3614 illustrium
1774 3556 1883 3630 aliquot

225 3655 286 3705 onte
305 3664 390 3703 annos
411 3649 465 3704 800
488 3649 601 3705 traditas.
631 3650 675 3705 Ilo
697 3651 839 3705 monachae
864 3665 1021 3722 anonymus,
1077 3656 1243 3720 martyrum,
1270 3662 1327 3704 una
1346 3662 1409 3705 cum
1438 3663 1521 3704 aurea
1548 3645 1740 3704 exhortatione
1762 3644 1799 3702 sd
1818 3643 1882 3702 visa

225 3755 279 3794 non
303 3738 466 3807 ineruditae,
494 3737 541 3809 qai
563 3738 764 3794 translationem
789 3738 967 3810 reliquiorum
992 3743 1022 3800 S.
1077 3737 1219 3810 praeeatis
1247 3743 1455 3810 contemptum,
1493 3745 1520 3795 et
1549 3745 1658 3794 aternu
1687 3734 1880 3793 desiderium,

226 3826 376 3885 sebastiani
392 3827 421 3882 in
445 3826 573 3896 Galliam,
592 3828 624 3884 de
637 3844 691 3900 qna
705 3844 778 3897 maa,
799 3828 948 3900 descripsit,
962 3847 1020 3902 cap.
1077 3828 1241 3900 opusculum
1259 3825 1357 3884 incerti
1373 3825 1485 3901 quidem
1500 3825 1621 3884 auctoris
1637 3842 1643 3882 :
1664 3823 1713 3882 sed
1726 3840 1743 3880 a
1757 3825 1790 3881 F.
1805 3822 1880 3880 Liri·

225 3915 253 3982 0,
267 3933 340 3973 nam.
357 3917 412 3974 22:
438 3917 551 3975 Alacres
573 3917 657 3974 simul
681 3917 788 3975 vadunt
804 3917 842 3974 ad
861 3918 951 3976 locum
967 3935 1024 3977 non
1079 3933 1117 3974 no
1130 3916 1251 3975 Brochtc
1272 3933 1367 3975 recens
1390 3916 1562 3991 recognitum
1581 3925 1609 3974 at
1627 3921 1824 3988 expurgatam.
1849 3913 1882 3970 is

222 4005 279 4078 jam
295 4005 441 4079 ignotum;
461 4007 484 4064 si
503 4006 615 4081 quidem
639 4023 675 4064 ex
694 4007 764 4065 serio
783 4007 918 4081 passionis
936 4008 995 4082 ejus
1009 4025 1024 4066 a
1079 4005 1192 4078 epistola
1203 4005 1399 4079 nuncupatoria
1413 4007 1466 4063 isla
1479 4006 1577 4063 labet:
1595 4005 1651 4063 Nos
1662 4003 1787 4061 illustros
1801 4017 1881 4058 mar-

228 4094 256 4152 S.
271 4095 421 4153 Ambrosio
439 4094 689 4153 luculentereditae
703 4096 866 4168 didicerant,
892 4098 1024 4158 milliaria
1078 4102 1173 4169 tyrum
1195 4111 1304 4171 agones,
1326 4104 1391 4153 anto
1414 4095 1492 4152 mille
1516 4094 1561 4162 (ni
1577 4093 1672 4167 fallor)
1694 4100 1722 4150 et
1744 4090 1882 4150 ducentos

224 4184 309 4242 tertio
320 4183 353 4240 ab
367 4184 446 4255 urbe,
462 4186 522 4243 loca
537 4185 584 4259 qui
599 4185 635 4242 ob
648 4186 796 4244 stationem
810 4185 923 4245 navium
939 4188 1025 4247 Cata-
1079 4200 1166 4243 annos
1180 4185 1393 4259 diligentissime
1407 4183 1589 4258 conscriptos,
1608 4181 1770 4243 Christiano
1782 4179 1881 4240 lecturi

225 4273 339 4331 cumbas
352 4273 507 4342 dicabatur,
529 4275 692 4349 praecepisso
712 4291 761 4349 par
782 4277 875 4335 risum
896 4277 1023 4336 eumdem
1078 4273 1324 4334 communicandos
1338 4275 1480 4334 duximus.

223 4364 414 4422 beatissimum
438 4373 587 4439 martyrem
609 4365 721 4424 Lucinas
745 4367 856 4424 cnidum
878 4375 1021 4438 matrona,
1113 4371 1141 4430 d.
1161 4371 1264 4430 Eodem
1289 4371 1393 4428 Actae
1417 4373 1508 4430 Gracc
1536 4368 1665 4430 Simeonis
1690 4367 1882 4442 lietoplarastn

225 4454 335 4527 sepeliri
352 4471 380 4511 ss
401 4455 435 4512 ad
455 4455 571 4528 uestigia
594 4458 780 4530 apostolorum
805 4458 878 4516 Petri
892 4467 919 4518 el
933 4460 1020 4519 Pauli.
1078 4460 1172 4520 latine
1184 4461 1264 4520 uertit
1283 4461 1428 4520 Gentianus
1442 4463 1581 4532 Hernetns,
1596 4460 1678 4518 edidit
1693 4459 1826 4532 Alopsins
1838 4458 1882 4514 Li·

225 4543 263 4600 Et
274 4541 304 4597 in
324 4543 449 4615 Epitoga,
467 4561 541 4600 anm.
558 4543 631 4602 loll:
650 4546 781 4620 Quisquis
802 4564 868 4607 saue
892 4549 1023 4608 fastidio·
1075 4567 1218 4627 pomanus,
1233 4558 1357 4624 atamen
1371 4569 1399 4608 ec
1415 4551 1521 4610 Sarius.
1531 4553 1576 4610 lio
1588 4549 1765 4622 mmeripsere
1778 4565 1882 4621 quoqu

225 4653 281 4705 sus,
306 4636 418 4693 lautiori
441 4636 534 4695 edulio
548 4639 653 4712 appetis
672 4640 777 4711 satiari,
801 4641 876 4699 hunc
897 4650 1021 4701 nostrum
1078 4642 1191 4699 laccius
1208 4642 1239 4700 de
1257 4642 1394 4715 Vorogine,
1409 4642 1568 4700 Aionciecue
1582 4642 1707 4709 Horam,
1728 4638 1882 4696 Zoelae-ias

225 4725 363 4783 furfurem
385 4734 562 4800 postponens,
586 4731 752 4788 sanctissimi
775 4731 864 4790 Patris
881 4732 1023 4790 Ambrosii
1078 4730 1229 4804 Lippelone,
1249 4729 1394 4788 Ferrarius
1409 4731 1438 4788 in
1451 4731 1539 4790 catal.
1561 4727 1881 4798 SS.1tolia,Boronius

226 4831 305 4888 opus,
320 4816 395 4889 quod
409 4815 442 4874 de
459 4816 542 4891 hujus
552 4819 694 4893 triumpho
704 4821 804 4879 cmlitis
823 4822 920 4892 edidit,
932 4823 1021 4898 inqui·
1079 4825 1141 4876 lam.
1157 4822 1190 4879 ll
1200 4819 1314 4892 Annal,
1329 4821 1368 4880 u.
1383 4820 1516 4878 Antonias
1532 4819 1671 4893 Georgius,
1687 4818 1804 4875 loannes
1817 4818 1881 4875 Bo·

225 4920 298 4975 rens,
324 4904 354 4961 in
368 4921 401 4962 eo
415 4907 533 4979 reperies
559 4908 695 4967 ferculum
715 4910 852 4970 ditissime
871 4912 1021 4980 reiectum
1078 4909 1155 4968 silias
1175 4911 1341 4982 Sanctarius,
1364 4911 1542 4970 Ridadeneiro
1559 4917 1584 4967 et
1606 4907 1761 4968 Rosroeidus
1780 4907 1879 4978 nostri,

225 4995 304 5069 cujus
318 4995 451 5054 delicioso
465 4997 615 5055 admodum
633 5000 743 5072 siligine
758 5003 849 5074 palato
861 5002 963 5060 mentis
977 5003 1022 5060 de·
1078 5002 1174 5059 Petras
1194 5001 1225 5059 de
1239 5003 1332 5062 Nolui.
1350 5001 1396 5059 lid.
1411 5002 1450 5072 Il,
1468 5019 1526 5074 cap.
1545 4999 1606 5069 lod,
1620 4999 1729 5057 Gabriel
1743 4999 1878 5066 Flumina,

225 5093 343 5160 gustato,
359 5085 558 5145 delectabiliter
573 5087 676 5162 poteris
688 5089 818 5163 saginari.
1077 5092 1164 5151 etalii
1176 5093 1320 5151 innumeri.
1336 5095 1428 5152 sermo
1442 5093 1471 5151 S.
1486 5089 1632 5164 Angnastini
1645 5090 1677 5145 de
1695 5089 1810 5145 dirimis
1823 5105 1878 5143 cen-

1079 5186 1193 5253 tesimas,
1214 5183 1245 5240 in
1259 5183 1315 5255 eins
1326 5184 1460 5256 martique
1471 5181 1587 5241 Fabiani
1602 5179 1690 5237 natali
1702 5179 1810 5236 Additus
1822 5184 1879 5242 esl,·

259 5268 286 5325 3.
305 5269 395 5343 Nepae
407 5270 516 5341 mirum,
540 5276 572 5327 ut
590 5271 707 5328 oliorum
726 5278 888 5342 sanctornm,
912 5274 951 5332 ita
970 5274 1021 5332 Se-
1038 5241 1060 5304 G
1075 5275 1104 5332 S.
1131 5273 1253 5348 Gregorii
1277 5275 1387 5332 Aemilia
1410 5273 1457 5342 37,
1480 5273 1509 5329 in
1526 5271 1637 5329 basilico
1661 5269 1691 5326 S.
1715 5267 1876 5326 Selosfiom.

224 5357 348 5430 lectioni,
373 5360 524 5419 Mediolano
544 5359 654 5418 otiandi
673 5361 710 5417 cd
723 5361 960 5422 Mediolanensinm
973 5364 1020 5421 in·
1073 5364 1199 5422 Aliorum
1221 5365 1368 5423 mullorum
1386 5369 1493 5428 eastant
1505 5363 1537 5420 de
1550 5377 1578 5419 eo
1596 5375 1738 5418 sormones.
1754 5357 1877 5431 Metus

223 5449 397 5520 damnandos
416 5453 480 5524 pari
502 5452 614 5510 uirtutis
634 5454 732 5511 ardore
754 5454 868 5522 animos,
886 5455 1021 5528 preclaro
1074 5454 1143 5512 idem
1156 5454 1232 5512 illins
1245 5455 1405 5528 martyrium
1417 5455 1447 5512 in
1459 5469 1509 5510 ms.
1524 5449 1632 5512 Nteoloi
1643 5447 1783 5520 Belscrtis',
1799 5463 1878 5503 cano

224 5539 377 5610 aeumlao,
393 5547 441 5598 ont
461 5543 602 5600 tradidisse
621 5543 708 5617 ipsum
730 5544 825 5602 litteris
843 5545 1021 5618 primamne
1074 5544 1129 5601 nici
1149 5544 1281 5617 regularis
1304 5543 1505 5614 Suessionensis,
1529 5539 1646 5600 aornim
1667 5537 1830 5614 descriptum
1843 5536 1878 5597 uit

224 5629 356 5700 majorum
369 5631 409 5688 cet
427 5647 554 5704 sannone,
574 5633 615 5692 ael
627 5634 830 5706 commentariis,
854 5641 902 5694 aut
913 5634 947 5692 ol
959 5633 1021 5696 aliis
1077 5634 1192 5696 Olioeric
1209 5634 1333 5696 Conrado
1346 5633 1483 5692 ntincrito.
