4082 6176
130 303 175 362 nr
539 277 778 360 senuonuss
799 299 1371 363 auanosromcrmusascnuri.
1726 307 1779 385 rs,

129 441 193 494 rara,
207 423 264 482 vim
280 431 439 496 ventorum,
453 431 481 482 et
494 424 675 500 cogitationes
693 425 849 494 hominum,
864 426 917 485 dif-
933 427 1083 502 Airatres,
1100 430 1259 504 patritiata
1273 433 1462 506 cognoscere?
1480 431 1566 502 Quasi
1587 449 1655 492 vero
1675 434 1712 492 sit
1733 437 1781 494 ia-

129 513 249 572 lerantias
272 513 414 584 arborum,
432 521 459 571 et
470 514 588 573 virtutes
604 515 749 573 radicum:
772 516 922 574 «omnium
977 519 1030 578 eila
1048 526 1080 577 ut
1103 537 1233 595 suspensa
1256 521 1349 596 aquila
1375 521 1406 578 in
1439 521 1526 581 altum
1555 521 1638 581 celeri
1661 523 1809 583 elatione-

127 603 193 663 suim
208 602 320 673 artifex,
333 603 770 680 ait,docuitmeSapientia(Scp.
781 624 833 676 vn,
845 606 918 680 tl).·
978 625 1140 684 pennarum,
1166 614 1279 684 plausus
1297 611 1340 669 sui
1356 617 1382 668 et
1400 613 1493 687 lapsus
1507 611 1623 684 vestigia
1636 612 1783 673 manirera

127 693 233 754 Etalihi
249 695 350 768 ipsein
365 697 461 753 eodem
477 695 568 754 libro:
596 696 764 766 ‹Invocavi‚
780 696 884 772 inquit,
898 703 925 754 et
978 699 1139 770 constituat,
1152 708 1200 758 aut
1215 700 1289 758 viam
1305 701 1395 775 signet
1409 701 1439 759 in
1455 717 1553 774 vacuo,
1577 710 1604 759 et
1620 700 1723 759 lineam
1737 703 1783 762 sui

127 784 236 844 venitin
253 801 298 842 mc
312 784 427 858 spiritus
441 785 584 860 sapientia
599 785 678 860 (Sap.
690 804 741 857 vn,
761 786 801 861 7).
818 813 827 836 ι
979 791 1089 848 volatus
1115 789 1209 863 ducat,
1233 793 1353 868 ligatque
1369 792 1400 849 in
1425 791 1558 866 liquido?
1581 791 1649 862 Quis
1670 809 1783 851 cursum

137 891 141 898 ·
157 885 183 942 Ξ.
197 884 234 941 itt
247 883 316 958 qnid
329 892 380 954 est,
398 883 573 943 dilectissimi
587 885 697 958 iratres,
715 885 790 962 quod
804 895 860 944 tam
875 886 925 945 10.
979 881 1059 938 navis
1074 881 1261 956 deprehendat
1272 885 1303 940 in
1317 883 1473 941 fluctibus?
1488 883 1551 958 quis
1563 883 1699 942 indicium
1712 881 1781 957 ejus,

127 975 215 1048 cupies
237 989 376 1046 possessor
399 973 541 1047 sapientiae
567 973 710 1043 Salomon,
739 992 802 1034 cum
832 977 926 1034 omnia
980 986 1028 1044 per
1053 988 1122 1047 quos
1145 988 1254 1045 aggeres
1279 980 1306 1030 et
1340 972 1443 1030 limites
1474 973 1588 1045 ieratur,
1619 971 1784 1048 intelligat?

128 1064 305 1138 cognovisset,
327 1079 388 1138 quae
401 1063 431 1120 in
446 1064 556 1122 arcanis
579 1063 737 1147 abditarum
760 1063 927 1140 dispositio-
980 1060 1083 1119 Crabra
1094 1077 1201 1135 semper
1216 1070 1243 1119 et
1256 1062 1383 1137 inquieta
1397 1063 1523 1135 mutatio,
1544 1064 1712 1123 camundis
1735 1081 1784 1123 sc·

128 1169 189 1210 num
219 1152 386 1211 tenebantur
409 1153 551 1225 absconsa,
581 1154 640 1213 haec
664 1154 719 1212 sihi
742 1156 928 1229 impossibilia
981 1150 1125 1226 quacibus,
1140 1159 1189 1210 aut
1203 1152 1331 1210 obruitur
1347 1155 1421 1229 quod
1443 1156 1593 1228 precessit,
1615 1164 1663 1213 aut
1686 1155 1786 1230 oppri-

129 1259 182 1302 esse
201 1243 373 1318 pretendit?
387 1244 494 1320 Quippe
514 1245 591 1320 quia
608 1248 666 1304 Deo
680 1253 750 1304 esset
764 1246 926 1319 sapientiam
982 1240 1069 1296 mitur
1094 1241 1170 1315 quod
1193 1249 1318 1300 8111111111
1346 1250 1397 1300 111·
1422 1244 1491 1312 Quis
1513 1245 1542 1303 in
1572 1252 1648 1318 petra
1676 1244 1785 1320 Signum

129 1343 311 1404 consecutus,
341 1332 389 1408 qui
417 1343 532 1393 noverat
560 1335 707 1393 mundana
735 1333 927 1409 dispositionis
981 1329 1095 1404 aliquod
1109 1331 1245 1404 serpentis
1260 1331 1383 1406 agnovit,
1399 1349 1462 1391 cum
1484 1341 1511 1392 et
1533 1332 1648 1392 materia
1667 1333 1703 1392 sit
1716 1334 1786 1393 dura

129 1423 281 1494 introitum,
304 1422 423 1499 qualiter
446 1430 518 1483 essct
543 1425 597 1484 hoc
617 1426 719 1484 ciclum
742 1442 824 1484 omne
853 1425 928 1501 quod
982 1435 1123 1491 saxorum,
1139 1419 1284 1479 ellubrict
1305 1429 1405 1479 natura
1424 1423 1610 1498 serpentum?
1633 1425 1690 1482 nat
1713 1439 1788 1500 quc·

128 1515 274 1585 cernimus,
296 1513 383 1571 ardua
404 1513 575 1572 sublimitate
597 1531 773 1590 suspensum,
794 1515 928 1588 quemad·
983 1508 1066 1567 modo
1088 1516 1204 1583 possunt
1228 1509 1281 1568 viae
1305 1510 1360 1568 viri
1379 1510 1571 1586 injuventute
1585 1513 1723 1588 cognosci,
1733 1505 1788 1590 'qui

128 1607 237 1665 modum
268 1603 347 1663 lieret
371 1605 443 1662 aeris
469 1604 550 1662 istius
576 1605 772 1679 circumjectus
797 1613 825 1663 ct
851 1606 929 1664 lusus
983 1599 1058 1658 unde
1071 1601 1174 1672 veniat,
1196 1607 1224 1660 ct
1243 1618 1297 1676 quc
1321 1609 1374 1676 cat,
1403 1621 1460 1663 non
1483 1611 1574 1681 potest
1592 1601 1788 1681 deprehendi?

128 1711 202 1770 equo
217 1693 407 1752 moderamine
421 1693 538 1752 libratus
552 1693 581 1751 in
601 1694 704 1766 medio,
719 1695 822 1768 quibus
836 1692 930 1753 modis
984 1690 1049 1750 Haec
1071 1697 1136 1750 sunt
1164 1708 1225 1767 quae
1253 1692 1475 1769 sapientissimus
1499 1695 1630 1754 Salomon
1654 1695 1789 1772 prophete

128 1785 202 1860 pigro
223 1785 258 1842 ad
277 1785 366 1841 imum
391 1783 499 1858 dilapsa
522 1784 644 1858 pondere
662 1792 735 1842 terra
757 1782 967 1869 subsisteret,B
984 1780 1059 1839 dixit
1072 1797 1100 1840 sa
1116 1798 1173 1840 non
1186 1787 1261 1846 452
1275 1799 1354 1857 posse
1367 1800 1540 1858 cognoscere.
1565 1785 1645 1845 Nunc
1667 1801 1731 1862 crgo
1754 1786 1789 1847 ds

128 1889 180 1950 qna
193 1873 303 1932 ratione
323 1873 395 1930 intra
412 1881 501 1932 certas
522 1873 648 1930 littorum
662 1880 749 1930 metas
764 1872 863 1947 liquidi
878 1873 931 1930 ele·
985 1876 1197 1960 singulisnrebus
1212 1879 1273 1938 istis
1286 1881 1354 1958 quid
1368 1882 1505 1954 dicamus,
1520 1883 1624 1942 audite.

129 1961 217 2021 menti
250 1962 393 2036 impatiens
421 1961 523 2020 fluctus
548 1962 641 2036 lapsus
667 1969 824 2021 exaestuet:
857 1963 931 2038 quod
1020 1967 1047 2025 5.
1064 1967 1194 2043 Aquilam
1210 1969 1240 2028 in
1254 1969 1308 2029 hoc
1330 1972 1390 2032 loco
1409 1972 1553 2033 Christum
1568 1969 1719 2030 Dominum
1733 1985 1790 2028 no·

131 2051 299 2128 principium
313 2067 415 2122 rerum,
431 2052 494 2127 quis
507 2050 582 2124 finis,
598 2060 698 2127 atquae
717 2060 808 2110 essent
827 2053 929 2114 media.
985 2065 1073 2115 strum
1107 2058 1239 2120 dabamus
1270 2061 1404 2136 accipere,
1439 2062 1487 2138 qui
1514 2070 1577 2136 post
1604 2060 1790 2122 venerandam

129 2145 217 2214 Quem
236 2143 334 2202 iterum
360 2143 512 2202 divisiones
535 2152 562 2202 ct
584 2143 752 2203 mutationes
776 2153 930 2219 temporum
985 2149 1227 2223 resurrectionem,
1256 2166 1312 2227 qua
1337 2149 1433 2210 docuit
1463 2150 1617 2210 humanum
1646 2166 1732 2224 genus
1757 2149 1789 2208 iu

129 2249 182 2293 non
214 2233 355 2303 latebant,
384 2233 432 2308 qui
459 2233 704 2307 comprehenderat
731 2234 850 2308 qualiter
876 2235 930 2293 sibi
985 2237 1074 2298 vitam
1090 2239 1180 2298 redire
1193 2257 1274 2314 posse
1292 2249 1354 2316 post
1374 2249 1503 2313 mortem
1528 2242 1606 2301 velut
1628 2241 1723 2318 aquila
1742 2255 1791 2298 re-

128 2339 264 2382 annorum
280 2330 377 2381 mutua
391 2321 567 2394 vicissitudo,
587 2323 719 2382 redeunte
736 2324 813 2394 orba,
832 2341 931 2383 succe-
986 2328 1093 2386 volavit
1120 2329 1155 2387 sd
1183 2331 1304 2404 Patrem,
1332 2332 1453 2407 praedam
1479 2347 1573 2392 secum
1602 2331 1735 2403 referens,
1762 2330 1791 2390 id

129 2413 215 2485 deret,
240 2429 294 2490 qua
316 2429 399 2471 causa
422 2414 514 2471 varios
539 2413 681 2474 stellarum
705 2423 797 2488 ageret
822 2432 929 2485 cursus,
985 2428 1037 2490 est,
1059 2421 1213 2492 bominem,
1231 2441 1313 2499 quem
1332 2433 1459 2500 rapuerat
1474 2425 1508 2483 dc
1522 2423 1649 2502 faucibus
1669 2423 1789 2483 inimici.

128 2503 309 2579 precedendo
336 2518 365 2560 se
392 2517 603 2578 nonnunquam,
633 2509 680 2561 aut
710 2504 803 2562 subito
830 2503 931 2564 subse-
961 2511 1050 2572 ,flac
1071 2521 1112 2570 est
1125 2514 1228 2587 aquila,
1253 2531 1335 2590 quam
1358 2515 1486 2574 Ezechiel
1512 2513 1648 2590 propheta
1666 2515 1791 2572 inillam

128 2593 251 2669 quenda,
265 2591 339 2650 unde
355 2606 449 2650 earum
463 2601 535 2650 esset
549 2598 627 2649 ortus
641 2598 689 2650 aut
703 2591 804 2664 obitus,
829 2599 856 2650 at
877 2593 931 2652 alia
985 2601 1203 2676 quadriformem
1218 2605 1311 2661 sedem
1325 2611 1353 2662 ct
1373 2603 1523 2663 Cherubim
1537 2602 1640 2661 vidisse
1662 2620 1691 2662 se
1716 2612 1790 2664 retu.

128 2685 229 2754 multa,
244 2699 316 2760 qua,
331 2684 466 2758 sapientia
484 2683 610 2752 docente,
631 2691 806 2757 cognoverat.
827 2683 930 2743 hiirum
985 2689 1019 2748 lit
1039 2691 1112 2749 inter
1131 2693 1340 2768 animaliaque
1364 2693 1513 2768 mysticum
1536 2691 1697 2750 vehiculum
1721 2691 1790 2750 rotis

126 2775 198 2850 quad
217 2773 270 2832 ista
284 2789 344 2850 qua
359 2772 413 2830 sibi
428 2772 612 2847 impossibilia
631 2789 688 2831 esse
702 2773 781 2845 dicit,
799 2783 846 2832 aut
860 2775 931 2833 scire
982 2779 1081 2852 juncta
1095 2781 1261 2855 portabant;
1277 2799 1363 2840 unum
1379 2781 1454 2839 enim
1470 2780 1573 2840 animal
1586 2781 1677 2839 simile
1692 2783 1787 2855 vituli,

125 2881 180 2923 non
195 2863 301 2939 potuit,
317 2873 364 2921 aut
377 2863 481 2922 videre.
985 2869 1063 2926 aliud
1089 2870 1194 2940 leonis,
1222 2871 1336 2929 tertium
1365 2870 1508 2942 hominis,
1533 2880 1662 2946 quartum
1689 2872 1789 2947 aquilas

159 2965 186 3023 3,
205 2960 261 3022 Sed
275 2962 340 3036 quia
353 2961 447 3020 omnia
466 2978 526 3036 quaa
541 2960 665 3020 inlibris
683 2959 789 3020 divinis
807 2961 932 3036 prophe-
987 2958 1096 3032 (Erech.
1111 2976 1131 3028 1,
1149 2957 1206 3033 ld),
1223 2959 1295 3018 sicut
1318 2959 1349 3017 in
1376 2960 1545 3034 Apocalypsi
1562 2960 1680 3021 ioannes
1697 2977 1726 3018 se
1744 2961 1790 3018 vi-

125 3059 219 3112 tarum
236 3053 449 3111 annuntiatione
461 3059 590 3127 congesta
608 3060 682 3122 sunt,
699 3053 757 3110 suis
773 3061 838 3110 sunt
855 3060 932 3108 tem-
986 3045 1059 3104 disse
1070 3048 1245 3122 conscripsit.
1267 3049 1428 3120 «Primum,
1450 3049 1552 3124 iuquit,
1572 3050 1676 3107 animal
1699 3049 1790 3108 simiis

124 3145 243 3218 poribus
261 3142 408 3212 reservata,
428 3143 528 3199 merito
548 3143 677 3200 Salomon
701 3152 765 3202 ante
780 3144 931 3203 adventum
949 3173 970 3238 c
987 3137 1081 3210 vituli,
1093 3140 1246 3198 secundum
1262 3141 1360 3212 lconis,
1381 3140 1495 3200 tertium
1508 3141 1642 3212 hominis,
1660 3151 1688 3200 ct
1702 3159 1790 3217 quar-

123 3234 243 3292 Domini
269 3233 359 3291 nostri
383 3233 447 3290 lesu
477 3231 591 3302 Christi,
619 3231 687 3305 quid
710 3232 802 3307 aquila
823 3233 930 3306 volans,
988 3234 1048 3284 tum
1062 3228 1162 3302 aquila
1183 3229 1277 3304 (Apus.
1294 3247 1334 3300 iv,
1351 3229 1390 3304 7).
1411 3255 1422 3282 ι
1446 3230 1499 3288 Sed
1513 3231 1548 3289 de
1562 3231 1790 3290 hacanimalium

123 3325 194 3400 quid
211 3340 324 3399 serpens
348 3323 376 3380 in
399 3329 485 3397 petra,
506 3321 575 3396 quid
600 3321 680 3379 navis
704 3323 847 3397 navigans,
872 3340 932 3397 quae
988 3316 1144 3391 equalitate
1158 3319 1228 3376 alter
1243 3316 1320 3378 locus
1336 3318 1395 3394 (tu)
1417 3319 1452 3377 ad
1466 3320 1640 3378 tractandum
1660 3336 1791 3380 necessa·

120 3415 300 3490 juvenisvia
324 3414 521 3488 injuventute
541 3421 621 3484 esset,
646 3413 716 3472 scire
739 3430 796 3472 non
816 3415 930 3488 potuit:
988 3406 1047 3463 11111
1070 3414 1121 3466 181·
1146 3407 1228 3468 Nunc
1254 3409 1367 3468 1111111111
1395 3408 1470 3483 1111011
1497 3409 1641 3485 1119111111,
1663 3410 1792 3486 expli&-

83 3575 89 3584 .
122 3505 219 3564 adhuc
235 3522 291 3563 non
305 3511 363 3563 erat
376 3513 496 3579 tempus,
512 3503 610 3578 quode
620 3504 719 3561 umbra
730 3519 830 3577 corpus
842 3504 932 3578 heret,
989 3511 1061 3554 mus·

123 3603 173 3654 aut
185 3595 293 3653 veritas
308 3595 342 3652 de
356 3593 452 3670 figura.
473 3593 558 3652 Nobis
580 3609 658 3663 vero,
676 3593 778 3668 quibus
797 3592 933 3674 Dominus
1023 3587 1064 3647 5*-
1083 3587 1148 3646 Hac
1162 3595 1203 3645 cst
1217 3587 1320 3663 aquila,
1336 3586 1371 3646 da
1386 3605 1441 3663 qua
1453 3589 1586 3664 scriptum
1601 3597 1659 3651 eat:
1682 3614 1692 3642 ¹
1716 3592 1800 3664 Sicut·

123 3700 224 3749 noster
237 3689 314 3750 iesus
327 3689 456 3750 Christus
465 3686 587 3747 ostendit
607 3687 682 3764 quod
702 3687 796 3746 omnia
818 3684 852 3744 de
872 3685 933 3762 ipsc
989 3677 1082 3753 aquila
1099 3678 1168 3752 tegit
1195 3678 1296 3738 nidum
1321 3695 1403 3738 auum
1431 3681 1522 3755 (Duc.
1538 3697 1629 3753 xxxii,
1646 3683 1705 3757 lli,
1728 3708 1739 3735 ι
1764 3684 1796 3744 id

122 3787 220 3839 essent
234 3779 333 3856 inlege
348 3779 514 3854 conscripta,
527 3779 631 3856 quibus
644 3777 718 3836 nihil
735 3782 777 3836 est
790 3779 932 3837 occultum
989 3775 1040 3837 111,
1064 3765 1192 3826 Christus
1214 3767 1379 3828 Ecclesiam.
1402 3769 1439 3826 Et
1459 3769 1560 3833 iterum
1583 3772 1698 3848 inquit:
1724 3796 1735 3822 ι
1761 3774 1793 3832 ln

122 3869 205 3945 quod
220 3885 276 3927 non
290 3871 446 3941 reveletur;
463 3877 491 3928 st
509 3877 686 3946 posteaquam
699 3867 838 3941 signatum
851 3867 933 3925 illum
990 3855 1089 3914 11111111
1108 3857 1215 3916 alarum
1230 3867 1340 3918 1111111111
1362 3859 1478 3935 illim
1493 3862 1580 3936 (Μ
1596 3879 1654 3934 uvi,
1671 3861 1737 3938 ²)·’
1757 3865 1796 3924 Εῑ

122 3968 238 4034 septem
253 3959 352 4034 sigillis
370 3961 474 4018 librum
493 3977 575 4018 nemo
595 3961 665 4018 alter
688 3957 780 4034 potuit
801 3971 933 4027 reserare,
990 3943 1115 4004 iterum:
1137 3949 1356 4009 «Removebitur
1376 3953 1450 4012 sicut
1470 3953 1725 4030 aquileianensis
1747 3964 1795 4014 tua

124 4063 220 4122 quam
234 4045 378 4117 Christum
394 4047 557 4122 permissum
578 4056 606 4107 et
623 4047 764 4107 indultum
778 4054 820 4106 est
841 4043 932 4116 nobis,
991 4033 1080 4124 (Ptel-
1095 4053 1142 4110 011,
1156 4038 1197 4112 b).
1214 4066 1224 4092 ι
1244 4043 1314 4100 Nam
1327 4049 1358 4101 ut
1371 4044 1463 4120 aquila
1477 4046 1585 4115 colona,
1596 4045 1674 4120 quasi
1687 4045 1727 4104 ita
1736 4061 1794 4104 ma·

123 4143 162 4193 ut
178 4133 276 4192 omnia
294 4141 323 4192 et
344 4134 438 4193 videre
460 4135 597 4209 possimus
618 4145 646 4194 st
667 4151 756 4206 nosse,
780 4134 853 4194 sicut
877 4133 935 4209 ipsc
990 4139 1034 4192 ter
1046 4133 1107 4192 nidi
1121 4151 1229 4210 semper
1247 4139 1331 4197 unius
1350 4147 1402 4210 est,
1419 4154 1470 4198 nec
1483 4138 1518 4197 ad
1533 4138 1729 4213 procreandam
1751 4155 1794 4198 so·

122 4223 270 4287 Dominus
285 4222 339 4284 ait:
363 4248 374 4275 ι
396 4226 486 4295 Pater,
506 4225 639 4285 confiteor
653 4226 717 4295 tibi,
737 4227 801 4304 quia
815 4226 936 4284 abscon-
991 4221 1083 4280 bolam
1111 4223 1189 4282 aliud
1212 4227 1361 4301 aliquando
1388 4227 1481 4286 cubile
1503 4227 1648 4304 perquirit,
1676 4234 1704 4286 st
1729 4243 1794 4288 cum

123 4313 200 4376 disti
225 4313 286 4372 heac
311 4329 327 4370 a
349 4313 532 4388 sapientibus,
559 4323 587 4373 et
612 4315 740 4373 revelasti
762 4331 793 4374 ea
813 4315 936 4390 parvulis
992 4313 1113 4386 primum
1134 4315 1233 4373 calidis
1253 4316 1314 4374 ovis
1328 4324 1438 4375 maturo
1451 4324 1515 4375 ortu
1528 4317 1600 4376 ictus
1614 4318 1739 4392 eruperit
1751 4318 1794 4376 iu·

125 4403 243 4482 (Maru.
258 4420 298 4475 xi,
313 4403 372 4480 ts).
393 4430 403 4456 ι
422 4404 593 4463 Etiterum:
613 4401 853 4478 «vestemque,
869 4422 935 4480 pcr-
991 4403 1088 4475 terior,
1104 4404 1195 4479 pullos
1208 4405 1302 4464 eduen
1321 4405 1480 4481 implumes,
1503 4407 1555 4466 has
1576 4415 1673 4466 contra
1694 4407 1794 4468 taciem

124 4495 250 4552 missurn
265 4503 306 4552 est
328 4494 399 4554 scire
422 4494 589 4568 mysterium
609 4493 930 4570 hocihuc.ru1,10).s
993 4492 1095 4552 fervidi
1119 4493 1185 4552 solis
1201 4497 1327 4569 opponit,
1350 4503 1377 4553 et
1403 4497 1451 4572 qui
1471 4513 1571 4572 aegram
1591 4505 1619 4556 et
1641 4497 1795 4559 invalidam

123 4583 200 4652 Quae
215 4581 278 4640 ideo
294 4584 388 4655 retuli,
402 4592 504 4642 utnon
518 4592 575 4644 tam
594 4583 772 4654 Salomonem
791 4581 865 4658 quod
882 4600 938 4642 non
993 4600 1108 4643 corusco
1122 4585 1265 4643 radiorum
1279 4587 1396 4660 appulsu
1410 4589 1498 4646 aciem
1521 4587 1682 4647 submiserit
1701 4588 1796 4650 oculo·

125 4669 269 4746 potuisset
300 4673 370 4730 scira
402 4673 638 4748 reprehenderim,
664 4689 748 4750 quam
778 4671 853 4748 quod
882 4687 939 4730 non
994 4693 1067 4744 rum,
1081 4684 1207 4736 matorum
1218 4677 1367 4738 damnatus
1382 4678 1509 4750 arbitrio,
1521 4688 1579 4742 eta
1596 4681 1714 4742 fratrum
1729 4698 1795 4740 con·

124 4759 232 4818 fuisset
245 4761 388 4835 temporis,
401 4771 432 4821 ut
444 4762 537 4822 sciret.
993 4765 1080 4824 sartio
1095 4775 1236 4841 separatus
1251 4765 1381 4842 dejicitur
1399 4768 1430 4825 ia
1451 4776 1563 4829 terram
1584 4770 1621 4830 Et
1641 4771 1715 4830 sicut
1735 4770 1796 4829 avis

166 4861 287 4922 CAPUT
300 4863 336 4921 Π,
349 4893 384 4906 -
406 4862 432 4922 t,
459 4863 515 4922 Sed
537 4863 595 4936 jam
625 4881 660 4922 ne
687 4865 828 4940 proposita
855 4862 938 4922 tectio
993 4856 1048 4914 ista
1061 4855 1176 4916 inimica
1190 4866 1349 4932 serpentum
1362 4864 1413 4930 est,
1430 4875 1499 4933 quos
1512 4860 1579 4918 dum
1601 4861 1631 4918 in
1658 4877 1720 4919 aere
1741 4859 1796 4919 ala·

125 4950 243 5010 diutius
256 4950 409 5023 differatur,
431 4969 519 5028 pauca
531 4954 612 5013 vobis
626 4970 687 5028 que
704 4955 744 5010 ita
758 4955 788 5011 in
804 4954 938 5028 questio·
994 4963 1056 5006 rum
1083 4947 1199 5021 remigio
1227 4945 1416 5006 subvectando
1437 4956 1593 5024 supportat,
1616 4949 1667 5008 hos
1685 4949 1796 5008 obunco

124 5055 199 5098 narn
215 5040 343 5113 veniunt,
357 5039 478 5116 propitio
502 5042 560 5100 Deo
582 5048 688 5112 nostro,
709 5042 828 5116 cogitavi
849 5059 940 5117 expo-
994 5045 1094 5108 rostro,
1109 5036 1263 5096 etarmatis
1285 5035 1364 5112 quasi
1391 5037 1560 5114 quibusdam
1583 5037 1656 5108 telis,
1679 5037 1796 5114 pedihus

125 5144 223 5188 nere:
244 5130 420 5202 «isiacum,
436 5129 539 5206 iuquit,
553 5130 737 5204 impossibilia
761 5131 831 5190 mihi
857 5133 937 5204 scira,
993 5127 1052 5186 suis
1075 5128 1176 5186 lacerat
1188 5142 1221 5185 ac
1233 5125 1363 5197 divellit;
1382 5145 1452 5204 quos
1474 5145 1538 5188 cum
1557 5127 1681 5198 devorat,
1704 5127 1794 5187 calore

125 5228 157 5278 et
185 5227 317 5292 quartum
345 5219 420 5295 quod
449 5235 506 5276 non
535 5235 688 5293 cognosco:
705 5220 822 5294 vestigia
840 5221 939 5296 aquile
993 5235 1044 5277 suo
1055 5219 1166 5275 interno
1180 5217 1297 5275 noxium
1311 5216 1383 5275 illud
1396 5217 1473 5277 virus
1486 5217 1657 5292 assunguit:
1673 5216 1713 5274 ita
1730 5231 1795 5288 crgo

126 5307 271 5376 volantis,
292 5318 320 5367 et
338 5309 397 5366 vias
412 5307 547 5382 serpentis
561 5323 643 5382 super
655 5317 772 5382 petram,
787 5319 815 5369 et
828 5313 939 5372 semitas
994 5316 1021 5368 ct
1046 5306 1173 5369 Christus
1198 5306 1336 5368 Dominus
1358 5323 1443 5366 unam
1461 5308 1553 5383 diligit
1575 5305 1738 5375 Ecclesiam,
1762 5307 1795 5362 ut

127 5395 219 5456 navia
231 5398 399 5473 navigantis,
427 5403 455 5456 ct
473 5395 534 5455 vias
550 5395 606 5456 visi
632 5397 661 5456 in
680 5396 827 5471 juventute
845 5401 939 5476 (Pron
994 5397 1087 5476 aquila
1104 5397 1201 5456 nidum
1221 5413 1322 5468 auum;
1346 5413 1430 5474 qaam
1443 5397 1478 5457 ab
1491 5404 1559 5457 estu
1572 5393 1795 5470 persecutionum

128 5501 211 5559 xxx,
226 5487 272 5557 lb,
288 5487 382 5564 lit·
411 5485 479 5558 Quis
503 5486 578 5545 enim
606 5501 740 5564 unquam,
766 5489 940 5551 dilectisimi
994 5491 1101 5548 alarum
1124 5505 1238 5550 auarum
1265 5489 1391 5550 dusndit
1419 5488 1600 5549 umbraculo:
1625 5486 1666 5546 sic
1684 5501 1795 5563 quoque

174 5673 238 5753 (ht)
254 5679 297 5738 lta
309 5693 376 5738 mss.
391 5683 419 5737 st
440 5675 520 5749 edis,
540 5685 639 5754 preter
656 5677 736 5740 Rom.
752 5680 802 5740 ubi
816 5681 934 5757 legitur:
996 5686 1088 5746 &ilde
1101 5690 1196 5748 boram
1207 5689 1367 5749 cuinullum
1378 5688 1506 5764 quolitcts
1519 5685 1589 5745 cler
1607 5688 1691 5764 loeas,
1704 5693 1759 5752 etc.
