4074 6178
136 286 204 349 nes
705 277 1212 348 iuruosonuonuunmsronu.
1718 279 1786 358 tiso

133 418 167 476 ad
179 415 328 491 perfectam
343 411 458 470 uirtutis
471 410 566 470 euadit
586 411 703 484 frugem.
718 413 854 495 Equidem
878 413 932 472 nisi
947 416 971 476 Α
988 421 1088 472 runtnr
1111 421 1201 470 antem
1221 413 1268 471 isti
1292 413 1357 484 viri,
1381 415 1478 488 Myrei
1497 414 1582 472 luisse
1609 433 1615 474 :
1640 415 1670 473 hi
1693 426 1785 476 autem

132 515 256 568 senectus
278 504 349 562 mibi
374 503 529 572 obsisteret,
545 518 607 559 sum
630 502 705 560 enim
731 504 931 576 octogenarius,
986 517 1021 560 ex
1049 502 1106 559 illis
1134 501 1209 560 iuere
1242 499 1377 575 Troianis,
1415 502 1463 574 qui
1499 519 1563 560 oum
1599 503 1785 563 Laomedonte

132 613 285 672 corpusque
297 602 429 668 praeteree
444 593 611 664 inualidum,
630 595 687 668 ipse
706 595 740 652 ad
756 605 781 653 te
796 595 931 668 venirem,
987 592 1148 664 migrarunt,
1186 589 1241 648 viri
1266 591 1344 660 boni,
1381 597 1412 647 ut
1448 591 1482 648 de
1519 591 1575 647 illis
1614 591 1714 650 tradita
1750 594 1785 650 si·

132 698 162 748 ut
173 690 265 762 jubes.
281 686 354 755 Quia
368 701 434 742 vero
453 683 483 739 id
504 681 595 753 datur,
614 685 746 759 quosdam
766 702 801 742 ex
828 693 932 743 contu-
986 678 1127 752 guilicsnt.
1167 679 1232 748 Qus
1268 679 1340 752 apud
1379 697 1422 738 ma
1465 689 1530 738 sunt
1567 681 1781 754 Commentario,

131 779 291 840 bernalibus
314 777 383 834 meis
405 775 439 832 ad
462 782 489 833 te
511 775 602 844 mitto,
619 775 667 849 qui
689 775 775 834 animi
792 777 931 834 bonisme
985 765 1019 822 (ιθ
1055 767 1156 842 quihus
1192 769 1335 842 80ιῑιιιῑὸῑῑ,
1365 769 1489 826 Midum
1521 771 1588 828 salit
1624 773 1785 830 elucubrata

132 871 248 930 minime
269 869 415 926 inferiores
437 875 512 936 sunt,
539 875 566 923 et
593 867 716 940 corporis
743 868 826 924 etiam
848 883 930 925 com-
985 867 1059 928 suni,
1081 877 1170 934 neque
1188 877 1309 935 unquam
1330 859 1395 916 salis
1418 870 1500 918 erunt
1516 879 1523 927 ;
1539 877 1570 917 ιι
1594 871 1684 919 lamen
1707 863 1780 922 misi.

131 961 221 1019 modis
235 967 411 1034 exsuperant,
436 957 486 1014 His
506 957 530 1014 si
552 965 583 1014 tu
605 957 728 1015 studiose
741 957 929 1030 congrediare,
984 949 1024 1004 De
1037 949 1163 1005 custodia
1183 965 1248 1006 vero
1262 949 1344 1006 ambo
1366 949 1577 1006 consentimus:
1594 950 1666 1006 nihil
1690 950 1792 1026 itaque-

130 1051 203 1107 nihil
226 1049 300 1124 quod
328 1047 363 1106 ad
391 1047 539 1121 perlectam
569 1046 689 1119 pertinet
716 1045 927 1118 beatitudinem,
984 1037 1175 1095 adhorltliwe
1188 1054 1257 1111 opus
1276 1046 1326 1095 est.
1343 1037 1420 1096 Vals-

130 1139 306 1198 daeid‘mss·
984 1165 1041 1224 Rea
1067 1167 1180 1236 Durius,
1204 1166 1344 1240 Hystaspis
1368 1165 1451 1238 filius,
1492 1167 1656 1226 Heraclitum
1691 1171 1784 1242 Epie-

351 1239 519 1310 Pll'hfl90m5
532 1233 704 1292 Allfflmffll'·
1156 1257 1226 1312 mum
1238 1257 1380 1329 sapientem
1393 1256 1491 1326 sirum,
1505 1259 1615 1314 salutat.

164 1327 201 1386 At
226 1337 265 1398 ω’
289 1328 414 1426 virm
443 1335 557 1426 ⁰⁹⁰¹&
581 1342 605 1382 ⁸¹
631 1323 703 1381 mm
725 1324 778 1469 PF
780 1323 881 1469 113Ἕό
901 1329 930 1380 ⁹¹
1018 1373 1130 1430 Librum
1156 1373 1190 1431 de
1216 1376 1320 1432 Natura
1342 1375 1478 1448 scripsisti
1503 1375 1662 1445 obscurum,
1686 1375 1783 1434 diffici-

129 1433 226 1489 ΒΜ
239 1425 267 1476 ⁰⁸
282 1418 370 1489 ⁸¹⁰r¹³
388 1425 564 1488 prmum
579 1430 662 1483 Μ’
687 1429 736 1486 pm
749 1419 809 1469 ⁰⁰¹⁰
878 1428 928 1470 ¹¹⁰⁵
983 1463 1091 1537 lemque
1104 1465 1133 1521 in
1148 1466 1295 1540 plerisque,
1312 1465 1370 1540 qui,
1386 1466 1409 1524 si
1432 1464 1467 1523 ad
1486 1465 1601 1524 uerbum
1617 1475 1781 1539 exponatur,

125 1505 183 1580 jam
204 1519 240 1563 ex
263 1505 357 1562 Mileto
382 1505 526 1577 migrasses
542 1523 548 1561 :
564 1519 639 1560 nunc
659 1519 726 1560 uero
747 1499 928 1559 tecontinuit
1003 1551 1009 1562 .
1333 1555 1388 1567 ,,
1486 1554 1491 1566 ,
1589 1554 1594 1566 ,
1776 1557 1781 1567 ,

128 1603 240 1670 patema
264 1603 292 1652 et
314 1594 389 1652 avita
412 1593 509 1666 gloria,
533 1610 594 1668 φη
615 1601 642 1650 et
662 1609 706 1650 me
733 1591 925 1661 continuisset,
982 1567 1039 1608 urm
1051 1553 1197 1626 quamdam
1208 1557 1405 1628 speculationis
1416 1555 1783 1613 contineremdeturmuodr

127 1681 150 1739 si
164 1698 251 1740 essem
273 1683 440 1740 Anaximeni
464 1682 575 1740 similis.
599 1682 736 1741 Cetemm
761 1698 810 1738 vos
833 1681 856 1738 si
871 1697 926 1737 au·
981 1642 1078 1712 ‘mus’
1103 1651 1131 1699 ⁶²
1152 1659 1212 1717 ‘¹¹¹ae
1235 1643 1265 1700 in
1287 1662 1320 1703 ⁰⁰
1343 1643 1415 1704 fiunt
1431 1644 1568 1714 ⁰mnium’
1592 1659 1652 1718 ω’
1671 1643 1783 1717 ‘widem

127 1773 206 1847 surio
221 1773 302 1830 urbes
321 1773 462 1842 demtis,
487 1773 527 1830 eis
549 1771 660 1848 quidem
679 1780 794 1830 ornatus
816 1771 963 1840 adime-B
982 1737 1092 1786 suntin
1107 1731 1204 1788 diurno
1226 1739 1304 1788 motu
1327 1733 1487 1790 constitute.
1504 1734 1534 1790 ln
1549 1731 1650 1806 quibus
1669 1732 1783 1805 plurumi

127 1869 182 1931 tur,
207 1862 333 1937 Medique
357 1863 414 1964 illis
431 1862 560 1920 infestius
583 1862 735 1920 instabunt.
754 1861 848 1962 Neque
862 1877 928 1918 uero
983 1817 1373 1980 gffiffiuglderg’cgtaegsqg
1386 1821 1708 1981 ξξῐᾚιιῗίοὲῑξίἶὲἓῑζ
1712 1836 1783 1966 13ἳᾶ

125 1968 234 2026 semper
254 1961 385 2011 conremt
408 1961 545 2011 astrorum
568 1969 600 2010 ac
628 1953 692 2011 cosli
720 1961 855 2026 vestigare
879 1967 929 2008 ra·
1080 1952 1088 1978 ’

125 2039 226 2100 tiones.
242 2042 357 2102 Praestat
380 2043 530 2114 interdum,
548 2043 584 2100 ad
607 2043 722 2118 patriam
748 2059 828 2100 ouras
848 2042 928 2116 cogi·
982 2005 1039 2053 ‘ur'
1065 1997 1124 2053 ⁸⁰¹
1150 1997 1237 2093 ΜΨ
1260 1998 1374 2096 Darii&
1400 1996 1544 2070 nymph
1567 1995 1651 2065 ΕΜ
1675 1994 1784 2096 fusim?

983 2100 1041 2142 esse
1069 2091 1133 2142 tuus
1159 2094 1247 2157 cupit,
1276 2096 1467 2158 particepsque
1491 2085 1592 2142 Grues
1618 2083 1783 2142 erudrtroms

124 2131 299 2231 ²³¹i.⁰⁰⁰³q¹¹⁰
319 2141 488 2233 ⁰⁰⁰7⁰¹¹⁰m
510 2133 737 2234 Quanquffmw
753 2145 808 2189 ¹¹⁰⁰
822 2147 929 2232 sem
982 2177 1053 2236 fieri.
1078 2177 1181 2237 Venias
1205 2177 1297 2252 itaque
1319 2178 1522 2252 quamprimum
1546 2179 1581 2235 sd
1604 2187 1782 2251 conspectum

124 2235 195 2276 mers
209 2237 278 2278 vaco
293 2221 403 2292 labulu,
420 2238 515 2279 verum
537 2230 565 2279 et
578 2222 659 2280 hellis
671 2221 812 2280 interdum
827 2221 928 2295 qurbm
982 2282 1132 2336 ΜΝ
1151 2265 1252 2338 regiam
1276 2266 1401 2323 domum·
1425 2266 1512 2324 ΕΜ
1532 2266 1618 2334 onim,
1645 2275 1677 2324 m
1697 2267 1782 2340 pluri·

124 2316 199 2367 mter
213 2325 242 2368 ⁸⁰
260 2311 381 2370 mioem
396 2312 458 2370 mli
474 2310 618 2369 dissidem‘
982 2372 1058 2412 mum
1075 2356 1247 2430 sapientibus
1270 2356 1338 2414 viris
1360 2355 1541 2414 observandis
1566 2355 1660 2414 minus
1682 2357 1780 2427 dediti,

217 2497 223 2510 .
355 2501 360 2514 .
393 2411 657 2485 mmmm·
723 2501 729 2514 ,
981 2442 1780 2519 aspemantureaqneabbisrectefnsrintelucubrata:

161 2498 239 2555 Μ’
261 2507 291 2556 ω
314 2499 426 2576 q¹¹¹d⁰¹¹¹
450 2509 534 2568 ‘eme’
566 2501 640 2576 ‘¹⁰⁰⁶
664 2502 745 2560 ⁰⁰h¹³
767 2511 795 2560 ²⁰
820 2521 928 2564 ⁰⁰¹¹v³‘
981 2537 1090 2594 tametsi
1127 2536 1261 2610 ejusmodi
1295 2537 1362 2603 sint,
1399 2545 1431 2593 ut
1466 2537 1623 2594 eruditione
1659 2543 1686 2592 et
1723 2554 1781 2610 gra·

119 2585 209 2687 luisse
225 2604 259 2644 ex
273 2589 436 2692 egritudine
450 2591 614 2664 significaris
629 2609 637 2660 ;
662 2591 696 2692 de
717 2593 845 2652 Demisco
859 2595 926 2653 item
981 2626 1067 2684 ,ime
1081 2641 1137 2682 non
1152 2636 1271 2684 wem
1285 2625 1368 2700 Apud
1386 2641 1429 2682 me
1442 2632 1534 2682 mem
1548 2623 1638 2682 ,dem
1651 2625 1704 2681 ,ibi
1717 2643 1782 2682 om·

118 2683 256 2736 certiores
279 2679 388 2737 iecems.
412 2682 452 2738 De
475 2681 688 2740 Commentarirs
707 2690 798 2739 antem
819 2686 926 2742 curavi·
980 2715 1025 2772 nis
1046 2715 1146 2782 honor,
1167 2715 1355 2789 primatusque
1374 2713 1474 2784 omnis,
1500 2714 1678 2788 quotidieque
1699 2715 1783 2771 soffl-

121 2787 198 2839 mus'
213 2770 443 2871 fenimusquead
466 2773 602 2873 ΨΜ
627 2773 721 2848 ihiqm
743 2778 926 2876 ⁰⁰¹¹V⁰¹¹f¹¹¹¹¹⁸
979 2805 1035 2863 cita
1061 2805 1227 2875 observatio,
1251 2813 1279 2862 et
1301 2813 1377 2879 grata
1402 2804 1562 2876 collocutio,
1589 2805 1704 2879 vitaque
1726 2805 1782 2863 tuis

121 2857 229 2917 Ocoollr
255 2868 377 2932 nepotes.
407 2861 472 2930 Quae
503 2869 587 2935 rgrtur
613 2861 647 2920 de
684 2879 778 2936 regno,
808 2865 923 2938 lembus,
980 2893 1277 2968 moribuspmhabilfs·
1294 2894 1372 2952 val&

118 2947 242 3019 justitia,
258 2949 438 3024 omniumque
456 2951 641 3024 generatione,
664 2951 758 3026 stipsi
780 2953 923 3028 babemus,

120 3047 150 3096 et
178 3054 213 3094 ex
243 3037 286 3096 his
311 3040 436 3113 quedam
460 3041 596 3098 misimus.
625 3040 740 3115 lleliqua
761 3043 843 3102 modo
877 3064 925 3104 re·
1014 3025 1165 3082 flentium
1179 3024 1309 3098 EPhlil'ui
1331 3025 1388 3098 illi
1409 3023 1506 3088 ⁰⁰5⁰·
1523 3022 1662 3098 HlWPss
1677 3021 1743 3098 filli·

121 3124 216 3201 perire
236 3142 291 3184 non
315 3135 458 3202 possunt:
489 3144 553 3186 enm
577 3130 690 3186 inventa
712 3130 825 3204 luerint,
846 3133 881 3192 ad
904 3143 967 3204 tec
1017 3140 1156 3214 Quotquot
1175 3141 1303 3198 mortales
1317 3140 1346 3196 in
1364 3141 1446 3198 terris
1460 3141 1570 3210 uiuunt,
1585 3156 1602 3197 a
1616 3140 1732 3198 ueritate
1750 3155 1782 3198 ac

122 3214 295 3274 deferimur·
979 3231 1087 3304 justitia
1103 3232 1251 3301 abstinent,
1272 3233 1396 3289 avaritia
1420 3241 1513 3290 autem
1536 3239 1564 3289 et
1588 3231 1665 3288 inani
1686 3230 1780 3304 glorias

412 3318 491 3376 Pluto
511 3318 643 3392 Archytae.
982 3323 1187 3396 inexplebiliter
1203 3323 1361 3393 intendunt,
1386 3323 1500 3396 perdius
1521 3323 1667 3380 dementis
1687 3341 1778 3382 censs.

163 3401 229 3472 Qum
240 3404 290 3463 abs
310 3413 338 3464 te
352 3405 432 3464 nobis
448 3408 532 3465 allata
555 3418 620 3466 sunt
642 3409 855 3480 Commentario,
871 3410 927 3468 dici
982 3415 1040 3486 Ego
1049 3423 1151 3484 autem,
1164 3414 1255 3470 omnis
1267 3414 1414 3470 immemor
1423 3412 1564 3486 nequitie,
1581 3412 1782 3486 fastidiumque

124 3509 183 3551 uon
214 3503 312 3568 potest,
342 3512 425 3571 ιιιιιιι
451 3497 571 3557 libenter
592 3498 748 3574 accepimus
774 3519 782 3569 ;
825 3501 927 3575 quique
981 3503 1108 3562 devitans
1121 3503 1213 3560 omnis
1227 3501 1340 3560 invidias
1349 3502 1517 3572 domestica,
1533 3517 1594 3575 quaa
1606 3501 1779 3574 splendorem

124 3582 177 3641 illa
200 3587 320 3660 scripsit,
345 3587 375 3644 in
397 3590 495 3663 primis
518 3587 647 3647 admirati
671 3608 776 3649 snmus.
801 3588 928 3648 Ostendit
982 3593 1107 3651 comitari
1123 3594 1202 3661 solet,
1218 3607 1361 3666 nunquam
1379 3591 1409 3649 in
1424 3591 1570 3652 Persarum
1588 3591 1679 3648 solum
1692 3589 1783 3648 adve-

124 3673 201 3730 enim
231 3676 353 3749 proiecto
381 3679 427 3735 vir
463 3677 520 3749 ille,
560 3679 676 3754 dignum
712 3697 742 3738 so
778 3679 929 3752 majoribus
982 3682 1081 3753 nirem,
1096 3681 1361 3756 paucisoontentus,
1377 3665 1438 3756 qu'e
1452 3678 1677 3739 suntsecundum
1693 3695 1781 3736 meam

125 3765 185 3824 illis
212 3769 281 3840 suis,
310 3771 512 3848 antiquissimis
535 3783 617 3849 atque
639 3773 754 3848 optimis
777 3773 856 3831 viris.
880 3774 928 3831 Pe·
983 3773 1157 3831 sententiam.

1201 3899 1231 3907 -ι
1242 3895 1558 3907 ..ι-ιι--ι--ι-ι--υι
1565 3893 1706 3905 --u—-u-
1715 3899 1732 3906 -..
1742 3893 1784 3906 ...u

271 4050 555 4139 EPISTOLAE
605 4055 731 4142 DUAE
781 4055 853 4140 DE
900 4050 1176 4174 ΜΟΝᾼΟΗΟ
1227 4048 1634 4138 ENERGUMENO.

165 4323 200 4382 In
213 4325 398 4398 «sumpturis.
416 4326 542 4384 deretani
555 4328 591 4384 ad
601 4327 714 4385 Pratum
729 4327 959 4396 scholasticorum,
972 4333 1033 4400 post
1052 4331 1104 4382 tres
1120 4325 1202 4382 libros
1223 4324 1255 4381 ds
1275 4321 1386 4398 Officiis,
1403 4323 1443 4380 lte
1463 4321 1524 4378 duce
1538 4319 1666 4394 Epistola
1688 4337 1783 4394 seque·

130 4413 241 4472 buntur.
256 4415 380 4472 Priorem
402 4433 456 4474 esse
471 4415 607 4473 Ambrosii
627 4417 803 4489 persuadebat
817 4417 929 4474 materia
951 4415 988 4472 cd
1005 4413 1076 4471 illud
1091 4419 1190 4484 tempus
1204 4411 1403 4468 accommodato
1430 4409 1461 4466 de
1482 4407 1609 4478 Antomo,
1630 4409 1781 4480 Hilariano,

128 4505 281 4573 dlaclcrio,
300 4507 438 4578 darocam,
453 4508 605 4578 Protlsosio,
622 4508 653 4564 de
667 4507 858 4568 Mediolanensi
871 4507 976 4564 notun
989 4504 1018 4560 in
1029 4521 1084 4575 qua
1097 4503 1225 4574 scripturn
1239 4499 1322 4572 [uisse
1341 4505 1451 4556 constet.
1476 4500 1550 4557 Illud
1564 4504 1665 4556 tantum
1679 4506 1709 4556 ut
1727 4501 1783 4556 dru-

128 4592 274 4650 lrt'torsmus
288 4595 359 4667 sealt,
372 4598 524 4668 quodenset
548 4597 717 4656 Germanicos
732 4603 756 4654 el
770 4597 907 4670 Angelicos
922 4603 946 4654 el
967 4595 1084 4654 ltulicos.
1106 4593 1245 4650 Posterior
1268 4592 1356 4647 miuus
1376 4589 1453 4647 landet
1467 4589 1623 4648 Ambrosii:
1640 4589 1684 4646 ssd
1697 4596 1783 4647 tamen

126 4685 309 4756 oppressimus
323 4691 472 4757 utramque,
487 4685 551 4758 quia
562 4693 703 4759 utramque
715 4687 854 4758 antiquum
868 4703 920 4743 esse
933 4692 957 4743 st
969 4681 1059 4742 utilem
1069 4681 1262 4754 judicavimus.

377 4825 548 4884 EPISTOLA
558 4827 677 4884 PRIMA.
945 4825 1168 4899 ninterrogatus
1188 4823 1311 4893 inissem,
1338 4837 1388 4879 cur
1410 4815 1585 4894 omnipotens
1607 4815 1681 4877 Deus
1701 4815 1783 4876 talem

166 4911 218 4971 Vir
231 4912 344 4986 quidam
360 4915 504 4988 religiosus
518 4923 601 4990 atque
612 4915 641 4971 in
656 4915 818 4974 monachico
833 4914 930 4972 babitu
983 4920 1094 4972 versuto
1110 4913 1230 4986 serpenti
1246 4918 1407 4985 potestatem
1422 4909 1451 4966 iu
1461 4925 1524 4966 eum
1535 4908 1665 4979 dedisset,
1682 4916 1713 4964 ut
1726 4923 1783 4964 cor·

125 5001 298 5060 constitutus
314 5009 391 5072 tunc,
407 5011 502 5060 nostro
516 5010 639 5077 tempore
653 5019 728 5060 nunc
744 5004 851 5078 antiqui
866 5004 930 5061 bos·
985 5003 1028 5060 dis
1042 5004 1101 5078 ejus
1116 5001 1321 5060 immunditiam
1337 5002 1404 5059 loris
1424 5001 1589 5069 ostenderet,
1610 4998 1684 5074 quod
1708 5013 1784 5054 nun-

125 5088 165 5147 tis
179 5098 221 5148 est
233 5091 357 5149 inaudita
371 5093 524 5149 tentatione
539 5093 671 5166 pulsatus,
689 5091 728 5149 ita
742 5100 773 5149 ut
788 5092 860 5150 idem
876 5109 930 5149 ma·
986 5109 1067 5168 quarn
1091 5094 1119 5149 in
1138 5091 1269 5150 exteriori
1284 5091 1381 5149 habitu
1405 5089 1524 5159 lecisset,
1550 5087 1604 5144 nisi
1623 5085 1783 5144 interiorem

126 5178 223 5252 lignus
235 5180 353 5253 spiritus
361 5181 592 5238 vestimentorum
608 5180 667 5254 ejus
681 5180 831 5254 particulas
844 5188 871 5238 et
885 5197 931 5238 sx-
985 5183 1100 5240 omnino
1114 5183 1290 5255 corrupisset,
1311 5181 1419 5239 scilicet
1431 5188 1480 5238 aut
1494 5175 1658 5236 infidelitate
1672 5181 1699 5230 et
1713 5173 1784 5231 blas·

125 5275 172 5325 tra
188 5269 268 5326 illum
283 5270 366 5327 etiam
382 5269 588 5345 incompositas,
615 5269 759 5326 immunda
773 5269 931 5328 colluvione
985 5273 1105 5346 phemia,
1127 5280 1174 5330 aut
1190 5281 1263 5329 certe
1278 5271 1396 5329 inaniet
1411 5267 1592 5340 vanegloria,
1616 5262 1747 5337 respondi
1776 5281 1783 5323 :

123 5358 254 5416 crebrius
269 5358 393 5416 loedarst.
410 5361 475 5428 tium
499 5361 637 5416 intantum
652 5367 711 5416 erat
725 5359 872 5430 horrende,
887 5361 932 5418 le-
985 5362 1081 5419 Sanies
1093 5361 1194 5435 quippe
1217 5361 1293 5418 intus
1316 5360 1345 5416 in
1370 5358 1453 5417 corde
1467 5357 1542 5413 foras
1556 5370 1605 5427 per
1621 5353 1786 5410 uestimenta

125 5446 190 5505 tida
202 5457 230 5506 et
245 5450 339 5519 noxia,
356 5457 388 5506 ut
402 5466 465 5524 pars
479 5449 598 5508 vestium
613 5465 695 5524 quam
713 5449 857 5522 tetigisset,
871 5450 931 5507 nul·
986 5452 1118 5508 manauit.
1135 5451 1221 5520 Quem
1236 5451 1301 5524 quia
1311 5451 1390 5521 longe
1404 5446 1510 5520 positus
1524 5450 1591 5513 erat,
1608 5458 1657 5516 ego
1673 5440 1786 5516 quidem

126 5535 185 5594 lius
209 5533 304 5611 [sorte
325 5538 408 5607 nulli,
433 5545 482 5596 ant
500 5539 606 5597 nullius
625 5537 689 5614 rei]
712 5537 840 5612 deinceps
863 5547 933 5597 osset
986 5557 1042 5600 non
1057 5540 1126 5611 vidi,
1143 5540 1191 5598 sed
1205 5548 1308 5609 tamen,
1333 5547 1365 5595 nt
1379 5535 1508 5603 arbitmr,
1528 5528 1588 5590 hec
1605 5531 1634 5588 in
1659 5531 1708 5588 illc
1722 5546 1786 5588 vers

125 5630 193 5688 usui
216 5638 290 5704 apta,
315 5645 472 5705 quanquam
499 5631 596 5690 luisset
618 5629 722 5691 abluta.
744 5633 783 5691 De
797 5647 852 5706 qua
868 5648 932 5692 cum
985 5629 1112 5704 previdi.
1127 5629 1206 5699 Quod
1230 5628 1255 5687 si
1275 5628 1314 5686 ita
1336 5639 1392 5682 non
1416 5629 1467 5694 est,
1484 5620 1620 5696 numquid
1636 5627 1727 5680 umen
1742 5619 1787 5678 la-
