4078 6186
275 145 327 207 tis
781 145 829 205 AD
848 146 966 203 OPERA
984 141 1012 200 S.
1032 138 1201 201 nnenosit
1220 139 1412 201 APPENDIX.
1870 144 1924 205 ito

307 277 399 350 (Vere.
425 272 482 346 ll.)
513 296 523 322 ‹
545 273 660 347 Propter
680 273 755 348 quod
774 275 842 332 dicit
867 291 873 330 :
896 273 990 345 Surge,
1016 271 1064 346 qui
1080 270 1106 330 Α
1122 270 1265 330 luxuria.-
1284 270 1378 330 Snbrii
1394 271 1758 346 possunthahereliduciam
1770 274 1923 346 arguendi;

270 365 387 434 dormis,
405 373 432 422 et
456 381 572 439 exsurge
587 384 603 423 a
620 364 746 432 mortuis,
769 372 795 420 ct
818 363 960 435 continges
981 361 1069 420 Chri·
1121 360 1193 418 hona
1204 363 1280 419 enim
1295 362 1473 420 conversatio
1481 370 1612 419 termrem
1623 361 1923 437 incutitdelinquenti:

268 463 342 512 etum
367 451 437 526 (31).
453 433 686 510 {Dormitionem
710 451 782 507 hanc
804 456 943 522 stuporem
968 451 1068 507 mentis
1121 465 1172 506 nec
1194 452 1295 522 poterit
1323 451 1371 525 qui
1392 450 1528 536 arguitur,
1542 465 1636 523 aspere
1657 451 1729 508 ierre
1748 453 1926 528 quiarepre·

268 541 416 615 signillcat,
433 556 494 614 quae
508 541 645 598 alienatur
658 557 674 596 a
694 553 758 596 vera
772 538 828 596 via.
845 539 983 596 alienatio
1002 555 1067 598 vero
1121 537 1263 609 bannitur,
1277 541 1388 615 qnando
1400 541 1453 598 scit
1468 539 1602 614 optimam
1615 542 1853 640 conversationem
1867 561 1924 603 mo

267 631 327 689 bac
349 629 453 704 species
475 633 689 698 montiacutani
710 645 764 702 que
786 645 926 702 resurgere
940 646 1068 687 commo·
1121 629 1213 686 nentis
1227 646 1264 686 sc.
1281 630 1350 685 Nam
1370 627 1419 686 ubi
1434 629 1564 698 ebrietas,
1578 627 1618 685 ibi
1633 637 1660 685 et
1673 629 1786 686 luxuria
1797 640 1837 689 est
1854 651 1861 690 :
1877 634 1924 691 ln·

267 727 349 777 netur
364 736 370 775 :
384 727 415 777 ut
439 719 603 791 resipiscens
626 723 756 790 agnoscat
777 717 932 786 veritatem,
947 733 1008 791 quae
1026 725 1068 775 est
1120 717 1202 772 xnria
1216 733 1281 774 vero
1295 724 1428 791 provocat
1439 717 1655 792 turpitudinem.
1677 717 1858 786 Quamobrem
1872 739 1925 780 so-

267 807 405 867 Christns.
421 808 522 865 Paridi
548 823 611 882 ergo
629 814 656 864 et
670 807 764 864 vitiosi
781 807 900 865 demersi
914 809 943 864 in
957 825 1066 867 coenurn
1120 803 1196 862 brios
1210 821 1256 864 eos
1270 823 1329 864 esse
1342 807 1483 877 convenit,
1496 814 1528 864 ut
1538 807 1619 865 honae
1633 809 1852 868 conuersationis
1859 811 1925 885 jura

267 896 319 954 sub
333 897 523 968 desperatione
544 896 620 966 vitae,
634 906 666 953 ut
687 905 832 971 resurgant
845 898 904 954 sive
927 906 1067 972 emergant
1120 903 1275 952 serventur.

266 985 460 1054 admonentur,
483 991 510 1040 et
531 983 651 1042 habeant
674 994 779 1059 partem
802 1002 865 1044 cum
885 985 1013 1055 Christo;
1036 995 1067 1044 ut
1157 983 1248 1057 (Vere.
1265 986 1322 1059 te.)
1345 987 1615 1061 ‹Sed-impleamini
1631 989 1736 1063 Spiritu
1750 1000 1855 1080 sancto,
1874 992 1923 1050 lo-

265 1073 299 1130 de
314 1073 436 1130 tenebris
449 1081 590 1132 transeant
604 1075 637 1132 ad
650 1074 740 1133 lucem
752 1083 804 1132 eta
818 1083 905 1132 morte
920 1076 954 1133 ad
965 1077 1064 1135 vitam.
1120 1081 1233 1145 quentes
1255 1075 1471 1150 uobismetipsis,
1497 1077 1526 1132 in
1548 1078 1671 1152 psalmis,
1697 1087 1724 1136 et
1750 1080 1874 1153 hymnis,
1893 1091 1922 1139 et

302 1161 393 1234 (Vere.
411 1161 455 1231 lli,
468 1162 525 1234 ld.)
547 1162 669 1220 «Videte
691 1179 755 1236 ergo
769 1164 907 1237 quomodo
921 1173 1000 1223 caute
1010 1181 1065 1222 arn·
1119 1162 1236 1219 canticis
1251 1164 1453 1236 spiritualibus,
1468 1174 1611 1225 cantantes
1622 1175 1649 1226 et
1659 1169 1806 1241 psallentes
1817 1169 1847 1226 in
1861 1187 1922 1228 cor-

264 1249 375 1318 huietis,
388 1259 483 1307 nonut
494 1249 665 1324 insipientes,
674 1253 721 1309 sed
732 1260 762 1309 ut
771 1253 918 1327 sapientes,
929 1253 1064 1313 rudimen·
1119 1249 1201 1307 dibus
1214 1253 1314 1310 vestris
1330 1253 1419 1311 ne0.·
1435 1255 1638 1315 Rationabilem
1653 1257 1740 1315 vitam
1754 1258 1847 1334 diligit
1859 1261 1921 1334 Spi-

264 1347 305 1395 tes
320 1347 438 1412 tempus,
454 1339 585 1412 moniam
596 1339 655 1398 dies
664 1341 730 1397 mali
745 1350 820 1400 suna,
836 1366 845 1390 ι
867 1341 1003 1411 Quoniam
1013 1359 1066 1401 su.
1119 1337 1189 1398 ritus
1203 1351 1334 1411 sanctus;
1356 1343 1421 1419 quia
1440 1345 1548 1403 sibene
1563 1344 1727 1418 vixerimus,
1742 1347 1922 1422 implebimur

264 1427 357 1499 perias
371 1425 514 1500 perfidiam
530 1435 558 1485 et
571 1427 643 1485 vitia
657 1429 722 1486 vitae
734 1445 750 1486 a
763 1430 813 1486 Dei
828 1431 915 1488 serris
927 1431 1065 1505 arguenda
1118 1442 1160 1496 θοι
1177 1436 1207 1486 ul
1221 1439 1367 1498 memorat,
1380 1433 1414 1490 td
1429 1433 1617 1492 confitendum
1627 1443 1656 1493 et
1668 1437 1858 1497 extollendum
1868 1439 1919 1496 Dei

264 1515 419 1584 mandavit,
440 1531 516 1573 nunc
541 1524 573 1573 ut
593 1517 742 1590 prudenter
770 1534 801 1575 ea
829 1519 888 1594 ipsa
914 1529 1064 1595 arguantur
1118 1520 1222 1578 donum
1236 1523 1348 1582 diverso
1359 1525 1436 1584 vocis
1447 1543 1565 1596 canore;
1580 1535 1612 1585 ut
1625 1529 1686 1587 iane
1700 1531 1730 1587 in
1743 1530 1831 1589 Deum
1840 1532 1919 1589 omni

264 1611 376 1678 propter
392 1604 564 1676 scandalum,
580 1606 717 1678 subjecit;
733 1616 764 1665 ut
781 1608 855 1667 inter
867 1609 986 1682 perfidos
999 1626 1062 1668 cum
1077 1627 1101 1689 Β
1118 1608 1214 1685 lingua
1235 1621 1359 1672 canatur.
1385 1617 1418 1672 ln
1441 1631 1496 1690 quo
1516 1617 1590 1674 enim
1607 1628 1648 1676 est
1662 1619 1792 1692 Spiritus,
1809 1637 1921 1696 semper

264 1693 411 1768 prudentia
430 1697 651 1754 conversandum
673 1698 720 1767 sit,
735 1699 857 1757 maxime
872 1706 995 1775 tempore
1008 1717 1064 1774 quo
1118 1699 1274 1770 spiritualia
1293 1702 1442 1761 meditatur
1455 1723 1462 1772 ;
1482 1713 1513 1762 ut
1533 1721 1589 1763 non
1604 1706 1634 1764 in
1648 1707 1730 1766 labiis
1743 1715 1852 1766 tantum
1866 1711 1918 1782 sit,

262 1783 361 1856 perfidi
376 1793 501 1858 regnant,
517 1795 714 1860 presumentes
727 1789 762 1848 de
776 1806 838 1864 rege
849 1790 965 1863 proiano
976 1809 983 1862 ;
995 1801 1027 1850 ut
1039 1794 1064 1850 si
1117 1785 1165 1844 wd
1178 1789 1213 1846 de
1222 1789 1305 1847 corde
1319 1803 1479 1866 prorumpat
1488 1802 1601 1868 propter
1614 1803 1694 1854 vetus
1705 1797 1813 1856 dictum
1822 1800 1918 1858 Domi·

262 1871 365 1931 viderit
378 1873 554 1932 Christianus
565 1874 721 1950 inquietum
736 1887 763 1937 et
775 1879 940 1938 iracundum
955 1889 1063 1940 contra·
1118 1876 1147 1932 ni
1164 1893 1212 1950 per
1225 1879 1398 1954 prophetam·
1412 1882 1462 1940 Ait
1471 1883 1545 1940 enim
1561 1902 1568 1942 ε
1591 1885 1694 1944 «Plebs
1708 1885 1767 1946 haec
1778 1887 1859 1947 labiis
1873 1905 1918 1947 me

262 1961 408 2031 dictorem,
421 1962 579 2022 dissimulet
591 1965 625 2023 ab
635 1982 677 2037 eo,
689 1975 760 2024 etne
768 1984 831 2024 eum
842 1970 955 2042 quidem
964 1970 1063 2028 incitet
1117 1962 1246 2037 honorii,
1270 1986 1318 2028 ⁰⁰¹·
1337 1980 1430 2029 tutem
1453 1988 1549 2030 eornm
1573 1975 1653 2048 101180
1676 1984 1717 2034 etl
1740 1993 1757 2034 t
1782 1995 1826 2036 me
1847 1980 1914 2052 (isc.

261 2050 296 2108 ad
323 2049 522 2126 blasphemiam
545 2061 573 2112 et
595 2063 785 2130 tempestatem
801 2058 966 2117 movendam
978 2077 985 2129 ;
1004 2060 1063 2119 illic
1115 2075 1196 2130 xxix,
1217 2063 1273 2136 13).

261 2148 353 2198 ιιιῑιιιι
378 2142 463 2200 verba
485 2142 579 2213 faciat,
594 2144 642 2202 ubi
661 2146 742 2204 datur
764 2146 890 2206 facultas.
918 2148 1062 2217 Quomodo
1152 2150 1244 2223 (Vere.
1261 2153 1305 2221 tt,
1321 2155 1380 2229 il.)
1404 2155 1536 2216 «Gratias
1548 2168 1660 2233 agentes
1673 2177 1781 2236 semper
1794 2178 1843 2235 pro
1857 2179 1915 2220 om·

261 2228 335 2286 enim
362 2230 435 2288 inter
454 2239 580 2304 potentes
603 2233 722 2308 perfidos
736 2235 919 2310 interrogatus
933 2240 1000 2315 quid
1013 2241 1060 2312 eit,
1114 2238 1198 2297 nibus
1212 2240 1242 2298 in
1258 2243 1372 2300 nomine
1386 2245 1499 2304 Domini
1513 2247 1602 2307 nostri
1614 2249 1677 2308 lesu
1692 2249 1797 2310 Christi
1812 2252 1868 2308 Deo
1886 2261 1916 2310 et

260 2326 350 2378 tacere
375 2337 432 2379 non
448 2321 540 2392 dehet,
557 2339 608 2381 nec
631 2340 729 2399 negare
751 2327 825 2400 quod
848 2336 906 2398 est;
930 2330 969 2387 ita
990 2339 1019 2387 et
1036 2331 1061 2388 si
1114 2329 1199 2402 Patri,
1223 2332 1340 2406 sth'ecti
1365 2336 1486 2394 invicem
1511 2339 1541 2396 in
1565 2340 1666 2398 timore
1679 2339 1793 2400 Christi.
1811 2368 1821 2390 ι
1841 2347 1915 2408 248

261 2417 350 2467 metus
365 2419 406 2468 est
423 2410 497 2470 inter
520 2429 566 2470 eos
588 2411 737 2486 disputare,
754 2414 985 2477 dissimulandum
999 2429 1058 2491 est;
1113 2427 1171 2485 Deo
1195 2430 1295 2502 gratias
1319 2433 1349 2490 in
1375 2433 1505 2493 omnibus
1527 2437 1608 2496 donis
1637 2437 1696 2512 ejus
1722 2455 1801 2513 apere
1826 2440 1916 2514 juhe-

261 2498 364 2573 quippe
376 2517 440 2558 cum
455 2501 652 2560 detrimentum
668 2503 705 2560 sit
714 2505 849 2564 seminare
861 2524 943 2582 supra
956 2511 1058 2586 spinas.
1115 2533 1186 2586 mur,
1212 2519 1260 2592 qui
1287 2521 1371 2579 etiam
1398 2523 1529 2599 adoptare
1556 2542 1612 2584 non
1639 2528 1768 2604 dignatus
1799 2538 1840 2588 est
1864 2547 1915 2605 per

259 2587 317 2644 Hoc
338 2596 379 2645 est
392 2590 466 2648 enim
486 2592 639 2665 prudentis,
659 2594 729 2651 scire
743 2597 975 2669 quemadmodum
990 2605 1058 2661 uni·
1113 2605 1255 2665 Christum
1270 2611 1374 2669 Filium
1393 2615 1545 2687 pmprium,
1570 2631 1618 2690 per
1639 2633 1720 2691 mem
1733 2619 1915 2694 cognovimus

258 2675 359 2750 cuique
373 2680 553 2755 respondeat;
569 2691 611 2740 est
633 2684 707 2741 enim
731 2686 779 2758 qni
794 2691 921 2761 quamvis
938 2693 1059 2764 pertidus
1113 2711 1187 2765 eum,
1202 2697 1351 2758 didicimus
1364 2701 1393 2759 in
1403 2703 1509 2776 Spiritu
1519 2705 1606 2762 Deum
1619 2707 1697 2782 (quia
1710 2711 1783 2766 Dens
1793 2709 1915 2784 Spiritus

259 2766 366 2836 sit,non
380 2775 472 2827 tamen
483 2773 594 2845 penitus
604 2772 789 2834 intractabilis
799 2787 850 2848 est,
862 2783 1058 2843 utnecaudire
1111 2786 1164 2858 est)
1182 2785 1352 2845 adorandum
1377 2788 1469 2862 (ioco.
1485 2809 1524 2863 tv,
1542 2791 1602 2866 24),
1618 2795 1690 2853 alter
1706 2797 1785 2854 alteri
1799 2815 1827 2855 se
1841 2798 1915 2856 snb-

258 2871 286 2912 se
302 2857 423 2930 patiatur
437 2858 522 2916 verbe
535 2860 611 2919 fidei.
627 2864 676 2920 Est
687 2864 787 2922 itemm
800 2867 839 2925 ita
852 2886 907 2943 qno
920 2871 1058 2932 siciervet
1108 2872 1209 2945 jiciens
1228 2885 1339 2951 propter
1361 2880 1489 2940 timorem
1518 2882 1634 2955 Christi,
1655 2886 1703 2961 qui
1726 2885 1914 2946 humilitatem

257 2946 332 3002 zelus
349 2945 482 3020 perfidias,
494 2957 524 3006 ut
537 2967 594 3007 non
608 2961 714 3010 mutam
731 2971 788 3013 non
799 2972 863 3014 cnm
879 2959 938 3031 illo,
950 2963 997 3020 sed
1007 2980 1058 3023 nec
1072 2994 1095 3056 ο
1110 2964 1314 3037 exsequendam
1323 2968 1478 3030 mandavit.

257 3042 391 3106 praesente
414 3035 464 3092 ilio
484 3043 616 3094 tractetur
639 3040 674 3098 de
688 3041 756 3113 lide;
777 3053 962 3121 perstrepente
981 3050 1054 3108 enim
1146 3050 1238 3124 (Vere.
1259 3054 1304 3123 22,
1319 3054 1363 3126 23,
1380 3057 1438 3130 ih.)
1461 3059 1617 3120 «Mulieres
1630 3063 1698 3120 uiris
1719 3063 1777 3120 suis
1791 3063 1915 3124 subditas

258 3120 308 3180 illo
320 3123 358 3180 'et
382 3119 601 3199 blasphemante,
617 3131 713 3189 multis
734 3131 766 3190 fit
786 3133 955 3193 scandalum.
977 3137 1055 3196 Unde
1110 3139 1176 3211 sint,
1190 3141 1263 3200 sicut
1277 3144 1407 3216 domino;
1421 3149 1552 3222 quoniam
1562 3151 1608 3208 vir
1623 3160 1705 3226 caput
1717 3161 1758 3210 est
1772 3153 1912 3224 mulieris,

256 3207 358 3270 Paulus
373 3213 622 3276 etBarnabascnm
635 3220 780 3281 aduersum
795 3223 1055 3299 seblasphemantes
1109 3227 1181 3286 sicut
1198 3239 1229 3292 ,et
1253 3231 1379 3292 Christus
1401 3246 1483 3311 caput
1506 3247 1548 3296 est
1561 3239 1704 3312 Ecclesia,
1718 3243 1775 3315 ipse
1789 3242 1913 3300 eductor

256 3301 394 3373 audirent,
417 3307 591 3365 excutientes
614 3311 779 3371 vestimenta
799 3331 858 3384 sua,
882 3325 1055 3376 recesserunt
1108 3320 1231 3392 corporis
1245 3319 1315 3392 ejus.
1329 3322 1383 3380 Sed
1400 3333 1431 3382 ut
1449 3327 1573 3386 Ecclesia
1595 3329 1719 3404 subjecta
1733 3340 1774 3391 eet
1785 3331 1911 3403 Christo,

256 3390 290 3447 ab
303 3392 342 3450 cis
359 3391 432 3468 (Act.
446 3412 529 3466 xvrrr,
546 3398 580 3468 6;
599 3415 661 3470 xrrr,
677 3399 735 3474 tt).
1108 3407 1147 3464 ita
1159 3416 1187 3465 et
1200 3411 1330 3469 mulieres
1343 3412 1412 3471 uiris
1425 3416 1483 3474 suis
1497 3417 1617 3476 subdita
1628 3420 1685 3478 sint
1700 3422 1730 3478 in
1739 3421 1879 3480 omnibns.
1893 3451 1904 3472 ·

292 3479 383 3554 (Vere.
401 3485 458 3558 17.)
482 3486 568 3545 «ideo
593 3489 679 3546 nolite
698 3490 769 3549 effici
791 3492 988 3567 imprudentes,
1004 3497 1052 3556 sed
1107 3495 1235 3554 hlulieres
1255 3499 1373 3560 subditae
1394 3520 1452 3563 esse
1476 3506 1546 3564 uiris
1559 3510 1677 3567 naturali
1693 3510 1750 3584 iege
1761 3510 1907 3585 jubeatur,

255 3567 440 3642 intelligentes
460 3589 521 3646 quae
540 3579 576 3632 sit
595 3579 723 3635 voluutas
745 3581 868 3640 Domini.
884 3609 893 3634 ·
916 3585 1053 3644 Dominus
1106 3586 1172 3660 quia
1191 3588 1317 3646 mulieris
1342 3601 1438 3650 auctor
1459 3594 1504 3652 vir
1531 3605 1589 3665 est;
1603 3599 1679 3657 unde
1692 3600 1764 3658 sicut
1780 3601 1906 3672 domino,

253 3654 332 3714 lesus
346 3660 405 3730 paci
422 3661 588 3719 studendum
603 3681 661 3722 esse
672 3678 775 3727 monet.
786 3669 822 3726 Et
831 3683 879 3728 vas
889 3672 1049 3733 electionis:
1106 3674 1207 3749 inquit,
1224 3677 1263 3735 ita
1276 3678 1344 3737 viris
1357 3681 1475 3741 subdite
1488 3700 1547 3742 esse
1560 3686 1672 3746 debent.
1688 3688 1760 3747 Hinc
1773 3689 1838 3748 Sara
1848 3690 1908 3748 do-

258 3745 310 3802 ·Si
324 3754 424 3818 potest,
441 3749 542 3824 inquit,
553 3751 613 3810 lieri
627 3755 701 3829 qnod
715 3771 749 3813 ex
762 3758 903 3832 vobisest,
916 3779 979 3820 cnm
994 3781 1051 3822 orn·
1106 3765 1214 3826 mitium
1231 3770 1347 3828 vocabat
1373 3773 1513 3833 Abraham
1539 3777 1617 3850 (deu.
1644 3795 1726 3850 arun,
1743 3781 1808 3856 i2);
1831 3782 1906 3840 sicut

252 3833 334 3891 nibus
360 3851 454 3908 pacem
480 3836 612 3898 habentes
628 3843 715 3914 (Rom.
730 3862 781 3917 ιιι,
799 3849 855 3920 ts).
876 3875 885 3900 ι
909 3851 945 3909 Et
958 3853 992 3910 ad
1007 3854 1050 3911 'l'i-
1105 3857 1179 3914 enim
1194 3869 1277 3934 caput
1286 3862 1417 3922 Ecclesiae
1430 3865 1556 3926 Christus
1565 3876 1616 3939 est,
1628 3870 1667 3928 ita
1675 3878 1703 3928 et
1712 3873 1758 3929 vir
1765 3873 1904 3932 mulieris.

253 3923 420 3983 motheum:
443 3927 595 3997 «Servum,
610 3932 659 4004 ait,
673 3935 788 3994 Domini
806 3953 861 3996 non
876 3943 1049 4013 oportatliti·
1103 3946 1129 4002 A
1152 3947 1263 4009 Christo
1292 3952 1366 4010 enim
1392 3954 1518 4014 Ecclesia
1542 3961 1661 4034 sumpsit
1685 3961 1807 4032 initium,
1827 3967 1905 4022 unde

252 4029 325 4085 pare,
349 4015 397 4073 sed
424 4027 597 4077 mansuetum
621 4037 680 4079 esse
702 4024 737 4081 ad
760 4042 855 4088 omnes
872 4029 916 4102 (ii
933 4031 1000 4089 iim.
1018 4051 1047 4102 u,
1103 4037 1227 4110 subjttcta
1248 4050 1289 4100 est
1304 4043 1368 4113 ilii;
1385 4046 1465 4105 itaet
1479 4048 1540 4106 uiro
1554 4051 1665 4121 mulier,
1681 4061 1713 4110 ut
1731 4053 1901 4114 siteubdita.

252 4101 311 4175 bi).
327 4130 337 4155 ι
354 4105 419 4163 llaec
430 4117 471 4166 est
480 4111 610 4168 voluntas
623 4113 745 4184 Domini,
756 4124 787 4173 ut
797 4132 858 4189 qua
872 4120 1049 4192 agendasnnt
1103 4127 1134 4184 ln
1148 4145 1181 4185 eo
1195 4137 1287 4188 tamen
1295 4131 1391 4202 distat,
1402 4137 1468 4211 quia
1476 4138 1577 4197 mulier
1586 4141 1830 4200 consubstantialis
1841 4143 1902 4217 (32)

248 4193 373 4250 acervis
397 4195 467 4268 eius,
488 4215 551 4258 cnm
576 4202 710 4261 modestia
732 4211 860 4278 agentum
876 4209 1047 4280 perturbatio
1101 4217 1163 4275 viro
1178 4228 1219 4277 eat
1234 4239 1241 4278 :
1258 4222 1382 4282 Ecclesia
1399 4235 1492 4286 autem
1507 4230 1537 4288 in
1557 4231 1670 4290 nomine
1684 4239 1785 4307 potest,
1799 4247 1855 4291 non
1871 4235 1902 4291 in

248 4280 322 4336 enim
346 4290 373 4339 et
396 4287 537 4362 strepitus,
553 4289 612 4348 sive
626 4294 767 4351 contentio
780 4309 843 4351 cum
860 4296 1044 4369 animositate,
1102 4314 1200 4366 natura
1213 4311 1375 4387 participari
1389 4315 1510 4378 Christo.

248 4367 424 4430 inimicitiam
433 4387 553 4448 generat.
564 4380 628 4439 iiaec
639 4399 703 4457 ergo
712 4394 823 4458 propter
833 4385 973 4458 superiora
982 4390 1045 4448 suh·
1136 4396 1226 4471 (Vers.
1238 4399 1344 4475 att-ss.)
1363 4405 1458 4477 «Viri,
1474 4406 1581 4481 diligite
1592 4419 1816 4482 uxoresrestras,
1827 4411 1901 4470 sicut

246 4454 329 4527 didit,
354 4458 384 4515 in
409 4462 511 4534 quihus
525 4467 586 4525 uult
602 4470 652 4527 Dei
670 4489 764 4530 servos
787 4475 924 4550 corripere
943 4477 1044 4538 delicta
1098 4493 1125 4543 et
1136 4484 1372 4552 Christusdiiexit
1383 4493 1545 4569 Ecclesiam,
1558 4499 1773 4574 etsemetipsum
1783 4500 1901 4558 tradidit

246 4543 392 4646 hominum
401 4559 589 4650 peccatorum
603 4566 634 4614 ut
642 4561 763 4634 quiaper
772 4561 825 4620 hoc
834 4565 903 4623 solet
912 4567 980 4626 oriri
989 4570 1043 4628 die·
1098 4591 1148 4648 pro
1161 4593 1206 4647 ea;
1222 4588 1253 4636 ut
1266 4580 1343 4640 illam
1358 4585 1554 4659 sanctificaret,
1568 4589 1706 4648 mandens
1718 4606 1777 4648 eam
1788 4590 1900 4648 iavacro

245 4649 337 4691 sensto
358 4644 386 4693 et
409 4655 481 4713 rixa,
496 4658 559 4700 cum
584 4650 766 4718 temperantia
785 4660 813 4708 et
832 4658 1043 4716 mansuetudine
1097 4684 1174 4742 aqua
1198 4670 1229 4726 in
1248 4671 1332 4728 verbo
1349 4692 1354 4730 :
1370 4681 1403 4731 ut
1422 4674 1566 4736 exhiberet
1587 4677 1646 4753 ipse
1672 4679 1724 4738 sibi
1750 4679 1897 4754 gloriosam

244 4734 360 4796 arguant
383 4740 556 4802 peccatoree;
577 4748 612 4790 ne
635 4735 670 4794 ad
693 4737 864 4802 iracundiam
887 4749 1040 4820 provocati,
1096 4757 1259 4830 Ecclesiam,
1274 4777 1330 4819 non
1344 4763 1491 4824 habentem
1507 4769 1654 4839 maculam,
1666 4777 1715 4826 aut
1727 4779 1897 4843 rupemaut

244 4811 371 4871 insiliant
392 4817 427 4874 ad
449 4818 536 4879 litem.
551 4821 671 4897 ideoque
685 4827 835 4900 prudenter
848 4833 923 4894 istud
937 4853 1042 4895 curan·-
1096 4845 1201 4920 aliquid
1215 4846 1374 4921 hujusmodi
1383 4871 1390 4910 :
1400 4853 1447 4912 sed
1462 4863 1493 4913 nt
1507 4856 1543 4914 sit
1557 4865 1651 4915 sancta
1663 4865 1690 4914 et
1703 4857 1895 4918 immaculata.

243 4899 309 4958 dum
329 4911 433 4975 monet,
448 4914 480 4965 nt
497 4909 534 4965 sit
545 4911 693 4982 proiectas.
1096 4938 1138 4996 Ita
1151 4947 1178 4996 et
1191 4939 1247 4996 riri
1263 4942 1365 5004 debent
1383 4945 1500 5021 diligere
1514 4965 1616 5008 uxores
1636 4966 1711 5009 suas.
1730 4975 1741 5001 ›
1765 4950 1897 5010 Mulieres

279 4997 370 5070 (Vere.
388 5001 445 5077 ts.)
468 5005 528 5064 ‹tta
542 5010 628 5067 nolite
642 5012 784 5073 inebriari·
795 5019 873 5088 vino,
887 5019 918 5077 in
930 5037 985 5094 quo
999 5031 1040 5080 est
1096 5043 1154 5086 esse
1164 5027 1298 5101 jubentur
1310 5033 1438 5106 subditae,
1453 5045 1480 5094 et
1494 5039 1679 5098 reverentiam
1694 5037 1795 5097 bahem
1810 5039 1893 5097 viro-

280 5177 339 5260 (tt)
354 5177 433 5248 llorn.
445 5183 700 5275 edit.,etcoctinpet
710 5198 733 5250 te
743 5193 873 5254 Christus.
888 5199 962 5258 lnha
972 5216 1038 5261 vero
1092 5215 1138 5267 ert.
1153 5212 1266 5271 Amerb.
1283 5223 1311 5271 et
1329 5216 1376 5273 alii
1396 5232 1462 5274 mss.
1479 5218 1640 5292 praeierunt,
1656 5217 1710 5279 boc
1726 5237 1784 5294 spec
1796 5221 1894 5277 mortis

244 5248 292 5308 abr
305 5251 384 5312 Erus.
400 5261 495 5331 etseq.
506 5257 650 5334 edat.,qac
661 5265 796 5324 cluuctur
807 5287 826 5326 a
838 5287 910 5328 cero.
923 5273 1035 5332 Amerb.
1091 5287 1137 5338 est.

240 5328 347 5405 struas.
360 5324 478 5410 aliquot,
490 5346 549 5401 que
561 5333 932 5418 othcctcrcoero;optime
945 5353 1037 5403 autem
1141 5353 1186 5425 32)
1202 5355 1264 5414 Vet.
1282 5359 1349 5418 edit.
1365 5376 1397 5419 ac
1418 5377 1483 5420 mss.
1501 5361 1619 5437 aliquot,
1631 5363 1696 5437 qaia
1709 5363 1807 5420 mulier
1823 5380 1892 5420 coo-

241 5393 289 5450 ain
297 5405 525 5480 mearestrtnunt
534 5404 672 5476 voculam,
682 5424 736 5465 aaa.
747 5406 888 5471 Postremo
897 5413 946 5471 ubi
955 5417 1034 5476 Erus.
1090 5439 1122 5480 ιιι
1139 5427 1255 5496 amatim
1280 5429 1360 5490 Rom.
1385 5431 1477 5493 edit...
1504 5435 1734 5506 comanorum
1751 5435 1799 5492 alii
1822 5451 1889 5495 msa.

239 5479 304 5524 cum
327 5467 394 5528 edat.
420 5486 477 5547 seq.
491 5481 519 5531 et
533 5490 598 5535 mss.
612 5477 749 5552 pluribus,
763 5482 816 5544 buc
835 5485 930 5560 apenos
942 5490 1036 5548 mortis
1090 5498 1330 5560 melancholia.
