4052 6192
224 348 229 357 ,
270 312 320 372 tlt
778 307 826 362 ab
845 302 963 362 OPERA
982 301 1012 358 S.
1026 297 1193 358 mnosn
1212 298 1402 356 APPENDlll.
1833 304 1875 363 sn

271 459 416 519 possumus
447 440 617 513 intelligere;
647 441 720 501 528
747 452 796 510 per
818 435 908 492 lanam
936 431 1104 506 namque,A
1120 431 1247 489 Christus
1256 431 1284 487 in
1300 429 1476 488 inuocatione
1486 430 1528 487 sui
1544 428 1671 499 nominis,
1682 437 1707 486 et
1715 431 1792 488 Patris
1800 435 1876 507 etSpi·

271 537 600 616 qumvestisestovium,
615 535 768 593 doctrinam
790 531 976 606 apostolorum
994 546 1000 585 :
1018 544 1067 600 per
1120 521 1190 577 ritus
1224 518 1312 576 sancti
1347 518 1474 591 adjungit
1509 517 1687 576 ministerium
1723 520 1877 592 sacerdotum,

271 631 359 689 linum
371 643 447 696 vero,
462 625 536 700 quod
550 641 585 682 ex
595 625 777 691 temnuntur,
793 621 947 680 doctrinam
959 617 1066 674 ludaeo·
1120 626 1223 683 nosque
1238 626 1253 666 ἃ
1270 609 1388 682 peccatis
1406 608 1519 677 mittit,
1545 607 1593 682 (lui
1607 623 1653 679 Des
1683 609 1805 681 leprosum
1824 611 1878 668 desi·

270 737 332 776 rum
347 733 491 791 possumus
512 715 676 787 intelligere.
697 714 808 771 Vestem
824 727 888 784 ergo
910 710 1064 778 induimus,
1120 715 1245 772 inimus,
1261 714 1309 771 per
1332 713 1426 754 torum
1453 697 1665 766 invocationem,
1689 706 1715 754 et
1740 714 1781 770 ptr
1800 715 1878 772 aquam

269 825 333 867 cum
346 804 527 878 nosmetipsos
541 803 621 860 bonis
635 801 765 875 operibus
782 802 986 858 circumdamus
1004 818 1010 856 ε
1031 816 1066 856 ex
1120 790 1293 863 baptismatis
1308 789 1406 844 abluit·
1422 787 1475 856 Qui
1499 804 1590 860 passer
1604 787 1632 843 in
1647 787 1721 862 aquis
1748 789 1881 847 liventibus

269 895 331 954 iana
343 903 434 952 autem
449 895 561 968 linoque
576 899 705 949 contexta
720 893 808 950 utitur
821 899 907 958 veste,
931 891 1064 962 quicum
1121 876 1439 952 intingijubelut3q1¹i³
1469 877 1516 950 [1¹¹i
1532 877 1601 932 allos
1627 876 1713 944 d⁰oeb
1742 877 1769 933 ⁵¹1
1797 877 1881 934 divinis

269 984 466 1042 traditionibus
479 983 666 1055 apostolorum
681 981 763 1038 etiam
778 979 941 1037 traditiones
952 979 1067 1036 tudaeo-
1120 968 1270 1041 Scripturis
1283 967 1395 1024 doctum
1410 982 1468 1023 0880
1483 974 1608 1040 oportet:
1629 983 1690 1022 nam
1704 966 1727 1022 ti
1757 982 1882 1023 6661666-

269 1090 330 1131 rum
346 1073 576 1130 vultobservare.
1120 1075 1183 1116 cum
1213 1058 1312 1115 ducere
1335 1057 1492 1125 tentaverit,
1526 1056 1607 1113 ambo
1622 1057 1650 1112 in
1679 1055 1778 1112 foveam
1801 1055 1883 1112 cadunt

304 1164 436 1236 Praecepit
453 1162 536 1219 etiam
547 1160 682 1220 Dominus
702 1160 801 1233 Moysi,
820 1168 851 1217 ut
864 1159 886 1216 si
902 1158 964 1234 quis
979 1159 1066 1232 lepro-
1122 1150 1228 1224 (narn.
1244 1165 1293 1219 xv,
1311 1149 1367 1218 lh)¹
1383 1149 1437 1216 Qui
1453 1150 1576 1221 leprosus
1590 1148 1689 1221 Septies
1701 1151 1797 1222 &pergi
1810 1151 1885 1222 preci·

267 1270 315 1310 sus
329 1252 479 1309 mundatus
493 1259 573 1320 esset,
588 1250 697 1308 veniret
711 1248 744 1305 ad
760 1247 940 1316 sacerdotem,
970 1258 997 1304 et
1026 1246 1065 1302 oi·
1121 1239 1628 1313 pitur,quianulliusmunditiasine
1648 1238 1884 1312 donisseptemSpi·

268 1343 353 1398 terret
377 1341 447 1398 duos
473 1357 593 1414 passeres
618 1337 753 1396 sacerdoti
786 1337 881 1411 (Leuit.
898 1352 958 1405 xrs,
981 1336 1007 1404 3,
1024 1334 1064 1406 d).
1122 1329 1191 1385 ritus
1205 1329 1292 1386 sancti
1314 1329 1434 1402 perlecta
1449 1345 1505 1386 esse
1520 1335 1619 1401 potest.
1635 1327 1701 1396 Quis
1714 1329 1784 1384 enim
1798 1328 1850 1385 siue
1861 1328 1886 1384 ti·

268 1432 312 1489 lix
325 1431 426 1505 quibus
454 1431 501 1487 ille
525 1446 611 1486 uuum
634 1429 792 1497 immolans,
807 1426 952 1483 decurrere
966 1425 1066 1481 iaceret
1121 1435 1197 1476 more
1211 1419 1272 1488 Dei,
1286 1419 1345 1475 sine
1356 1419 1456 1491 pietate
1482 1417 1642 1492 caeterisque
1659 1417 1800 1473 virtutibus
1812 1417 1886 1472 salsus

268 1522 429 1595 sauguinem
444 1520 503 1593 ejus
518 1519 547 1576 in
558 1536 642 1592 aquas
657 1518 792 1586 viventes,
804 1526 831 1574 et
845 1516 986 1588 intingens
1000 1531 1067 1586 pas-
1121 1526 1179 1567 esse
1194 1510 1306 1582 potest?
1320 1509 1373 1566 Sed
1388 1525 1451 1566 cum
1467 1507 1886 1582 unusquisqueapralicaortbu

267 1628 355 1670 serem
370 1611 466 1668 vivum
481 1611 509 1666 in
524 1626 617 1684 aquas,
634 1609 662 1664 in
676 1608 778 1681 quibus
791 1603 952 1678 sanguinem
969 1604 1066 1660 immo·
1120 1601 1185 1660 lidei
1205 1602 1323 1675 qualiter
1337 1603 1431 1660 vivers
1444 1601 1541 1659 debeat
1556 1602 1707 1660 secundum
1721 1601 1836 1658 mandata
1850 1602 1887 1658 Dei

269 1701 318 1759 lati
333 1700 450 1775 passeris
463 1698 608 1756 decurrere
634 1697 736 1755 iecerat
761 1713 824 1753 cum
849 1695 927 1768 ligno
942 1692 1065 1762 cedrino,
1121 1692 1244 1762 docetur,
1260 1693 1360 1767 septies
1375 1693 1525 1766 aquaviva
1551 1692 1711 1765 aspergitur.
1731 1692 1791 1746 Post
1814 1705 1887 1746 enon·

268 1795 332 1851 lana
349 1792 487 1860 cumines,
516 1799 544 1847 et
558 1790 679 1864 hyssopo
692 1796 846 1862 aspergeret
860 1787 960 1862 septies
974 1787 1062 1860 lepro·
1079 1792 1103 1853 Β
1121 1781 1261 1839 dationem
1276 1799 1343 1840 vero
1358 1783 1459 1855 leprosi
1472 1797 1564 1856 passer
1578 1783 1661 1838 vivus
1680 1781 1709 1837 in
1722 1797 1782 1853 agro
1801 1780 1888 1835 avolare

268 1899 341 1952 sum,
370 1887 397 1938 et
424 1888 492 1939 tunc
520 1879 572 1936 rite
602 1879 793 1936 mundaretur.
821 1879 873 1935 Per
895 1879 1065 1936 sacerdotem
1120 1871 1278 1941 sinebatur;
1294 1872 1359 1946 quia
1379 1872 1570 1945 predicatores
1584 1871 1673 1928 sancti
1697 1876 1754 1944 post
1773 1869 1888 1942 expletum

268 1973 396 2032 Christus
410 1970 599 2044 intelligitur:
629 1969 685 2027 duo
716 1985 782 2026 uero
800 1985 922 2043 passeres
946 1967 1065 2025 duorum
1120 1961 1244 2018 cilicium
1260 1962 1463 2035 praedicationis
1482 1979 1538 2020 suas
1553 1963 1582 2019 iu
1597 1978 1664 2036 agro
1678 1961 1770 2035 patrias
1795 1959 1890 2018 celestis

268 2059 504 2118 'testamentorum
519 2059 645 2117 doctores
666 2059 884 2132 intelliguntur:
913 2073 960 2131 per
982 2073 1066 2130 aquas
1120 2056 1230 2114 avolare
1247 2063 1448 2129 promerentur.
1553 2049 1557 2056 ’

268 2156 359 2208 autem
375 2150 500 2208 viventes
513 2158 648 2223 precepta
668 2149 812 2222 Evangelii
827 2147 1016 2222 designantur,
1031 2146 1066 2204 de
1156 2146 1186 2202 ln
1202 2146 1257 2202 alio
1272 2161 1380 2219 quoque
1400 2147 1460 2202 loco
1475 2145 1606 2218 scriptum
1623 2152 1685 2213 est;
1708 2142 1770 2218 quia
1784 2139 1892 2216 pracepit

269 2237 369 2312 quibus
383 2239 519 2296 Dominus
537 2239 606 2296 dicit
629 2239 658 2295 in
681 2238 854 2312 Evangelio:
878 2259 888 2286 ι
910 2237 963 2305 Qui
977 2237 1066 2294 credit
1120 2235 1255 2293 Dominus
1269 2236 1369 2309 lloysi,
1398 2243 1430 2292 ut
1458 2235 1588 2292 alienent
1615 2235 1764 2292 liliilsract
1782 2231 1891 2289 sacerdoti

268 2327 299 2384 in
314 2344 367 2398 me,
379 2327 450 2385 sicut
465 2327 616 2402 Scriptura,
627 2327 743 2385 llumina
756 2327 790 2384 de
799 2335 895 2384 ventre
909 2327 968 2401 ejus
979 2327 1066 2385 fluent
1119 2341 1232 2399 caprum
1256 2325 1440 2395 emissarium,
1471 2332 1641 2400 poneretque
1671 2323 1791 2382 sacerdos
1815 2336 1892 2378 manus

268 2417 432 2490 aquaevivae
453 2418 543 2489 (loon.
559 2435 610 2487 vn,
624 2416 681 2488 38).
701 2442 710 2467 ·
734 2417 827 2490 Aquas
842 2417 1021 2484 vivasuocat,
1033 2433 1065 2473 eo
1119 2429 1202 2491 super
1215 2426 1297 2490 caput
1307 2417 1376 2490 ejus,
1392 2427 1420 2475 et
1438 2417 1617 2476 confiteretur
1633 2433 1715 2490 super
1732 2432 1791 2472 eum
1804 2419 1892 2486 peccah

268 2507 343 2581 quod
357 2506 442 2566 vitam
458 2515 587 2565 uternam
613 2516 743 2581 prestent
767 2507 934 2565 iacientibus
957 2524 998 2566 ea.
1014 2507 1066 2564 Per
1119 2505 1242 2564 liliorum
1257 2509 1352 2576 Israel,
1364 2517 1391 2565 et
1405 2505 1526 2565 mitteret
1541 2523 1603 2564 eum
1618 2524 1669 2580 per
1683 2506 1814 2563 homiuem
1828 2518 1893 2576 para-

267 2612 403 2670 passerem
420 2597 696 2671 igiturimmolatum,
707 2596 923 2667 sicutdiximus,
939 2598 1065 2654 doctores

267 2686 437 2759 ludaeorum,
452 2687 607 2745 sacerdotes
620 2686 761 2756 videlicet,
779 2685 880 2744 Scribe
896 2697 922 2745 et
933 2686 1065 2743 Pharisaei

267 2777 454 2851 designantur.
470 2777 586 2850 Sanguis
604 2793 680 2846 vero,
696 2777 743 2850 qui
764 2776 848 2833 vitam
863 2776 962 2848 passeri
991 2794 1066 2850 praa-

1120 2604 1189 2667 tum,
1206 2599 1234 2653 in
1248 2596 1386 2655 desertum
1399 2617 1405 2667 ;
1422 2597 1590 2670 utjportaret
1613 2607 1725 2671 peccata
1739 2594 1847 2651 iiliomm
1860 2592 1893 2647 ls-
1977 2631 1978 2642 ,

1119 2690 1174 2745 rael
1190 2689 1219 2746 in
1234 2689 1382 2746 desertum.
1399 2690 1448 2745 llle
1475 2695 1567 2745 autem
1584 2688 1636 2763 qui
1664 2703 1772 2760 caprum
1802 2683 1890 2740 emissa·
1977 2699 1978 2702 ¹

1120 2781 1192 2836 rium
1222 2779 1251 2836 in
1266 2781 1405 2838 desertum
1423 2779 1551 2849 ducebat,
1566 2795 1627 2835 uon
1656 2775 1850 2852 permittebatur
1868 2771 1890 2826 in

268 2866 367 2935 stabat,
387 2866 521 2939 spiritalis
531 2873 573 2922 est
588 2866 782 2938 intelligentia,
798 2883 858 2940 quae
886 2868 915 2924 in
930 2868 1065 2926 observa-

267 2957 556 3015 tionibusludaeorum
573 2956 683 3013 latebat.
694 2958 730 3013 Et
741 2957 812 3014 sicut
822 2974 914 3030 passer
927 2959 987 3016 sine
997 2977 1065 3016 san-

1119 2879 1207 2929 castra
1236 2871 1354 2946 ingredi,
1368 2872 1422 2928 nisi
1451 2872 1527 2944 prius
1555 2871 1665 2928 lavaret
1679 2869 1832 2926 uestimenta
1854 2878 1892 2920 sua

1121 2961 1212 3034 (levit.
1229 2978 1288 3031 rvr,
1310 2961 1353 3031 m,
1370 2960 1428 3033 tt).
1444 2961 1576 3018 Eamdem
1592 2945 1660 3032 ergo
1688 2955 1891 3031 significationem

269 3050 351 3122 guiue
365 3057 490 3106 mortuus
503 3049 632 3115 efficitur,
648 3049 687 3105 ita
700 3057 727 3105 et
752 3051 844 3106 multe
859 3050 1065 3110 observationes
1119 3051 1202 3107 habet
1215 3049 1351 3118 sacerdos,
1365 3067 1445 3124 quam
1461 3058 1488 3107 et
1502 3067 1583 3124 caper
1605 3049 1782 3116 emissarius;
1807 3039 1892 3118 signiti-

268 3139 437 3207 ludasorum,
453 3139 477 3196 si
490 3138 623 3212 spiritalis
633 3139 817 3214 intelligentia
830 3141 970 3212 defuisset,
986 3159 1065 3200 vanae
1081 3159 1103 3222 (ρ
1119 3150 1182 3200 caut
1197 3143 1270 3200 enim
1283 3141 1433 3199 Dominum
1449 3151 1573 3199 nostrum
1587 3141 1683 3198 lesum
1707 3139 1846 3198 Christum.
1858 3133 1893 3188 Sa·

269 3244 327 3286 esse
366 3228 535 3286 viderentur.
565 3230 712 3303 Postquam
727 3247 791 3305 ergo
818 3233 929 3306 sanguis
948 3234 1064 3306 passeris
1119 3231 1215 3290 cardos
1230 3232 1314 3305 igitur
1326 3247 1409 3305 super
1417 3247 1530 3304 caprum
1541 3230 1717 3288 emissarium
1728 3233 1829 3302 peccata
1838 3219 1892 3278 filie

270 3319 407 3394 apparuit,
439 3329 521 3394 atque
553 3321 582 3378 in
605 3338 688 3395 aquas
717 3323 795 3380 vivas
820 3323 953 3394 decurrit,
974 3343 1066 3398 passer
1120 3341 1181 3382 rum
1196 3325 1278 3382 lsrael
1293 3324 1436 3380 consessus
1449 3325 1582 3397 est;quia
1592 3324 1684 3381 Filius
1695 3322 1743 3379 Dei
1756 3323 1893 3393 peccatage

270 3417 396 3467 mortuus
410 3417 461 3478 est,
489 3410 554 3485 quia
576 3419 720 3485 postquam
735 3413 854 3485 spiritali
869 3413 1064 3487 intelligentia,
1121 3414 1194 3472 neris
1203 3415 1317 3471 humaui
1325 3429 1407 3487 super
1414 3413 1554 3470 hominem
1564 3429 1650 3486 quem
1657 3402 1896 3485 assumpsitposuit,

270 3512 331 3570 quae
342 3499 372 3554 iu
386 3499 625 3564 observationibus
639 3500 796 3557 Jndaeorum
811 3502 922 3571 latebat,
937 3518 987 3575 per
1005 3519 1069 3576 gra·¹
1121 3515 1151 3564 ut
1163 3525 1213 3580 pro
1227 3507 1267 3563 eis
1281 3506 1339 3580 ipse
1350 3512 1513 3564 moreretur.
1527 3505 1579 3562 Per
1592 3505 1736 3563 desertum
1750 3518 1820 3570 uero,
1832 3496 1895 3568 cujus

270 3585 337 3642 tiam
365 3589 477 3644 Domini
509 3590 595 3646 nostri
620 3589 684 3646 lesu
703 3589 806 3646 Christi
823 3591 996 3649 manifestata
1013 3600 1065 3663 est,
1121 3597 1319 3656 habitationem
1333 3615 1428 3654 omues
1455 3596 1579 3654 deliciosi
1595 3597 1815 3669 perhorrescunt,
1840 3599 1894 3648 crux

271 3675 396 3748 ‘Diffidam
410 3677 615 3735 0b⁵0¹V³ti⁰¹ttt
629 3679 728 3750 letales
742 3679 813 3736 nihil
825 3681 988 3753 litOfUflrllsst
1000 3702 1005 3739 τ
1019 3683 1066 3739 sed
1121 3688 1290 3762 designatur,
1303 3689 1412 3747 cunctis
1424 3689 1478 3746 reis
1489 3689 1569 3746 valde
1583 3687 1742 3745 horribilis.
1757 3682 1835 3742 Duxit
1846 3691 1895 3748 ergo

270 3771 298 3821 et
313 3765 365 3838 ipsi
386 3765 434 3839 qui
457 3773 569 3840 propter
589 3766 741 3824 custodiam
765 3769 832 3842 legis
859 3769 941 3828 fidem
962 3772 1066 3832 Christi
1122 3780 1205 3837 homo
1230 3789 1340 3855 paratus
1364 3797 1476 3854 caprum
1504 3781 1683 3838 emissarium
1714 3779 1743 3834 in
1769 3776 1894 3833 decenum,

271 3864 445 3930 spreverunt,
467 3856 619 3914 secundum
643 3857 764 3914 animam
788 3859 891 3916 mortui
913 3869 986 3918 sunt.
1002 3863 1067 3920 San·
1122 3871 1186 3944 quia
1203 3871 1291 3928 ludaei
1319 3871 1366 3945 qui
1382 3871 1415 3928 ad
1430 3871 1483 3928 hoc
1508 3871 1597 3927 scelus
1612 3867 1820 3944 perpetrandum
1845 3874 1895 3933 pra·

271 3947 332 4020 guis
346 3947 433 4020 igitur
442 3946 558 4019 passeris
572 3948 652 4021 aquis
670 3948 831 4006 viventibus
854 3950 988 4009 admistus
1002 3962 1043 4010 est
1058 3971 1066 4021 ;
1122 3961 1185 4020 sciri
1199 3962 1308 4018 fuerant
1323 3961 1368 4031 (67
1372 3967 1394 4032 y,
1409 3961 1560 4018 Dominum
1574 3967 1704 4018 nostrum
1721 3955 1808 4014 lesum
1822 3949 1894 4009 Chris·

270 4041 335 4114 quia
348 4039 439 4096 onrnis
449 4039 600 4112 Scriptura,
620 4057 680 4115 quae
695 4040 729 4096 ad
748 4058 852 4098 novum
863 4043 1067 4101 Testamentum
1122 4059 1181 4108 tum
1196 4049 1404 4108 crucifixerunt.
1418 4051 1463 4107 Illi
1489 4058 1580 4107 autem
1596 4051 1647 4122 qui
1662 4064 1772 4122 caprum
1801 4042 1896 4100 emissa*

270 4129 400 4203 pertinet,
424 4129 559 4204 exemplis
587 4130 688 4186 veteris
715 4130 880 4188 Testamenti
907 4132 1069 4206 spiritaliter

270 4220 420 4278 intellectis
439 4220 543 4292 repleta
563 4226 603 4276 est
619 4219 689 4293 (66).
713 4218 764 4276 Per
778 4219 883 4294 liguum
900 4238 965 4279 vero
981 4222 1067 4280 cedri·
1123 4239 1164 4288 ret
1178 4231 1255 4304 prius
1269 4230 1434 4287 vestimenta
1466 4245 1525 4299 sua,
1555 4235 1582 4285 et
1612 4229 1656 4286 sic
1683 4225 1859 4301 ingrederetur
1875 4213 1896 4270 in
1975 4217 1976 4226 ’

271 4328 339 4369 uum
358 4313 448 4382 Pater,
464 4328 511 4384 per
522 4311 673 4384 hyssopum
688 4311 790 4368 Titius:
803 4328 852 4384 per
866 4314 957 4370 lanam
973 4321 1065 4372 autem
1122 4332 1222 4392 eastra,
1237 4323 1301 4397 quia
1317 4322 1405 4381 indaei
1428 4322 1620 4380 interfectores
1645 4321 1750 4380 Christi
1775 4317 1803 4374 in
1826 4317 1896 4370 ostra

271 4401 439 4469 coccineam,
468 4417 529 4474 qnae
562 4402 696 4474 fulgorem
719 4401 791 4475 ignis
823 4402 915 4474 habet,
949 4405 1068 4479 Spiritus
1122 4412 1253 4470 Ecclesiae
1278 4411 1386 4484 ingredi
1400 4428 1456 4469 uon
1486 4419 1647 4485 potuerunt,
1664 4410 1720 4468 uisi
1748 4409 1820 4482 prius
1844 4413 1897 4472 aqut

272 4498 383 4548 sanctus
395 4489 562 4562 designatur.
578 4491 615 4546 lis
629 4491 717 4548 tribus
732 4491 780 4564 qui
801 4491 853 4548 rite
871 4495 999 4550 mundari
1018 4513 1065 4552 vo·
1124 4503 1295 4576 baptismatis
1310 4503 1500 4559 abluerentur.

273 4580 356 4648 lebat,
371 4578 582 4652 aspergebatur;
605 4579 669 4651 quia
686 4581 781 4637 nuilus
793 4597 841 4653 per
854 4597 951 4655 aquam
968 4582 1070 4657 baptis·
1160 4587 1234 4644 Elin
1248 4588 1462 4644 Deuteronomio
1476 4586 1605 4660 praecepit
1626 4585 1737 4659 Moyses
1750 4580 1812 4640 filiis
1825 4571 1897 4638 lsrael,

273 4670 384 4728 matisa
403 4671 477 4743 lepra
493 4677 666 4742 peccatorum
683 4669 810 4726 mundari
832 4681 933 4745 potest,
949 4675 1003 4732 nisi
1019 4679 1072 4736 sub
1125 4676 1236 4735 diceus:
1271 4702 1281 4724 ι
1311 4677 1339 4734 Si
1367 4674 1509 4733 transieris
1523 4691 1570 4749 per
1596 4691 1706 4748 agrum,
1733 4680 1760 4729 et
1782 4660 1897 4726 inuenerit

272 4759 448 4818 inuocatione
461 4759 550 4817 Patris
561 4767 588 4816 et
598 4757 664 4816 Filii
677 4768 704 4816 et
718 4757 839 4831 Spiritus
853 4763 951 4820 sancti.
1126 4781 1204 4823 avem
1232 4765 1408 4822 incubantem
1433 4781 1516 4839 super
1542 4765 1635 4839 pullos
1656 4779 1740 4832 suos,
1770 4775 1801 4816 ne
1825 4761 1898 4811 teneas
1974 4772 1975 4786 π

308 4855 360 4915 Sed
387 4857 410 4913 si
435 4855 558 4929 perhanc
574 4856 627 4913 tria
649 4855 729 4913 Pater
747 4865 774 4914 ct
793 4858 881 4917 Filius
897 4869 924 4917 et
952 4860 1072 4934 Spiritus
1126 4871 1204 4912 avem
1219 4873 1282 4913 cunr
1297 4856 1381 4928 pullis
1393 4856 1461 4926 suis,
1479 4855 1526 4912 sed
1538 4853 1650 4913 dimitte
1664 4853 1772 4912 avolare
1797 4859 1863 4904 auem
1876 4840 1897 4894 it
1974 4867 1975 4885 t

272 4956 383 5005 sanctus
394 4945 582 5018 designantur,
603 4963 653 5003 cur
673 4962 765 5019 passer
790 4948 873 5005 vivus
895 4959 1008 5023 quartus
1026 4951 1073 5010 nd·
1126 4961 1263 5018 campum,
1278 4955 1305 5004 et
1318 4953 1412 5019 captos
1427 4953 1489 5002 tene
1503 4945 1595 5014 lilios;
1611 4953 1644 5001 ut
1659 4946 1742 5017 longo
1755 4939 1828 4996 siuas
1839 4941 1899 4990 tem·

269 5035 482 5110 juugituriPer
496 5050 630 5107 passerem
642 5052 760 5110 namque
771 5037 866 5094 vivum
878 5040 1072 5111 predicatores
1126 5051 1191 5108 pora
1207 5035 1331 5104 interra,
1361 5051 1442 5108 quam
1465 5034 1601 5091 Dominus
1624 5035 1699 5090 Deus
1730 5039 1789 5088 tuus
1813 5017 1899 5082 dederit

272 5131 339 5189 novi
354 5129 520 5186 Testamenti
539 5128 695 5202 designatos
710 5129 795 5187 fuisse
816 5131 951 5190 diximus.
972 5135 1072 5192 Sacer-
1124 5125 1177 5184 tibi
1193 5126 1283 5201 (Dent.
1298 5143 1369 5195 xxrr,
1385 5127 1411 5196 e,
1430 5126 1493 5198 ⁷i·’
1514 5124 1656 5198 Numquid
1671 5121 1796 5182 dimissio
1804 5108 1898 5172 avicula

273 5219 323 5278 dos
338 5236 402 5293 ergo
413 5218 488 5292 ligno
501 5217 624 5288 cedrino,
645 5235 738 5288 cocco,
756 5227 783 5275 et
802 5219 921 5295 hyssopo
936 5239 1071 5296 passerem
1125 5217 1184 5274 dies
1196 5217 1315 5290 alicujus
1329 5233 1427 5290 augere
1437 5224 1544 5290 poterat
1554 5215 1612 5290 (68)
1625 5215 1640 5272 i
1651 5215 1724 5285 Nou,
1744 5203 1898 5280 sedspiritua·

273 5309 369 5368 rivum
402 5307 586 5384 adjungebam
622 5309 688 5384 quia
712 5310 847 5368 Dominus
868 5320 963 5370 noster
994 5315 1071 5372 lesus
1127 5308 1190 5365 liter
1232 5305 1444 5381 intelligendum
1476 5315 1527 5366 est.
1557 5307 1610 5365 Per
1644 5321 1727 5364 avem
1755 5302 1899 5372 unaquaqut

1123 4139 1193 4196 rium
1205 4139 1234 4195 in
1250 4139 1387 4196 desertum
1403 4138 1530 4204 duxerat,
1546 4147 1716 4212 preceptum
1740 4142 1780 4192 est
1794 4141 1821 4188 ut
1832 4132 1895 4186 lasa·

312 5537 369 5610 (66)
385 5539 427 5595 Ita
442 5553 523 5606 mss.;
539 5533 605 5594 edit.
622 5549 698 5607 vero,
714 5533 829 5608 pertinet
842 5533 1010 5610 spiritulibus
1030 5540 1070 5598 in·
1121 5541 1259 5688 pergenti
1272 5523 1390 5616 fueraut.

276 5607 416 5664 assecutos
429 5611 530 5681 rapae
544 5614 595 5691 ,ot
687 5679 715 5692 ,,
1210 5617 1276 5687 (ιε
1291 5634 1376 5686 mss.;
1394 5607 1762 5686 stantemstantem
1789 5589 1898 5660 asoti*

313 5678 371 5751 (67)
386 5679 488 5736 Omnes
506 5680 588 5749 edrt.,
599 5687 715 5752 proseuta
727 5678 838 5752 suerum
854 5699 860 5740 :
881 5699 977 5742 omues
1001 5701 1068 5743 mss.
1123 5700 1171 5742 aos
1184 5703 1279 5760 augere
1293 5688 1409 5761 poteret.
