4082 6176
252 285 306 348 mr
756 282 989 343 unornane.
1009 279 1387 347 aunaosuarennnrx.
1626 359 1633 372 .
1851 287 1903 348 oce

252 410 466 485 disputabimus.
494 412 563 470 llam
591 426 655 470 cum
674 409 926 484 manuscriptorum
952 407 1065 483 quidam
1081 406 1240 479 Ambrosio,
1255 407 1369 482 quidam
1387 407 1544 484 Augustino
1561 409 1643 468 illum
1669 409 1820 483 aseribant,
1851 429 1905 474 nos

252 517 316 562 eum
332 499 492 561 corbeiensi
505 498 611 558 nemini
625 499 784 556 astruimus.

288 589 342 659 Qui
357 589 407 648 hos
420 589 535 664 excipit,
558 589 588 647 in
614 589 772 665 Appendice
785 588 885 663 sapius
898 587 982 648 citata
996 586 1086 644 solum
1100 582 1199 657 incipit
1212 583 1247 642 ab
1262 584 1322 643 istis
1331 583 1444 644 verbis:
1463 581 1536 646 Dicit
1549 587 1681 645 Dominus
1694 587 1725 645 in
1738 589 1904 664 Evangelio,

253 686 306 738 ete.
320 679 392 736 Eum
407 678 537 738 similiter
548 679 684 738 Galleusis
707 679 795 738 codex
812 679 852 735 ita
877 677 990 747 dividit,
1005 683 1037 732 ut
1051 675 1118 731 novi
1133 675 1267 733 sermonis
1281 676 1375 734 eadem
1391 675 1475 735 uerba
1488 677 1544 735 sint
1558 677 1716 735 exordium.
1728 677 1818 747 Quam
1835 697 1907 738 vero

252 765 346 840 inepta
357 767 394 826 sit
412 767 473 828 haec
487 767 599 839 divisio,
615 770 755 844 exprimo
773 775 885 842 aspectu
898 781 1061 840 cognoscere
1079 772 1129 822 est.
1147 765 1228 824 Mune
1238 782 1320 839 porro
1335 766 1406 825 sicut
1429 773 1457 824 et
1474 773 1644 842 sequentem,
1660 769 1709 842 qui
1723 770 1904 830 continuatio

253 855 312 932 ejus
325 873 384 916 csse
402 857 524 926 videtur,
539 860 645 934 optimo
657 858 721 933 jure
734 857 857 918 Maximo
871 855 1031 930 adjudicant
1047 871 1053 911 :
1079 852 1126 910 sed
1151 853 1198 911 ille
1230 871 1339 931 quoque
1366 871 1448 932 quem
1476 856 1602 914 Romana
1622 855 1710 915 editio
1735 857 1906 918 uicesimum

252 955 382 1022 quartum
396 955 533 1017 numerat,
542 947 708 1021 jamdudum
722 947 812 1006 eidem
826 946 945 1004 antistiti
960 945 1118 1003 vindicatus
1130 952 1181 1001 est.

287 1037 412 1096 Duorum
425 1039 600 1114 sequentium
614 1040 690 1113 prior
703 1039 771 1097 olim
790 1035 1033 1114 quinquagesimus
1046 1040 1140 1093 sextus
1155 1033 1228 1091 inter
1241 1033 1458 1109 Augustinianos
1469 1035 1670 1106 collocabatur,
1685 1051 1761 1095 nune
1775 1035 1902 1098 Caesario

251 1126 395 1186 restitutus
409 1134 461 1198 est,
479 1128 559 1202 cujus
575 1129 725 1188 dictionem
751 1127 826 1185 haud
840 1143 937 1200 parurn
961 1123 1053 1182 refert.
1078 1121 1216 1182 Posterior
1230 1130 1322 1180 autem
1337 1140 1392 1180 uon
1408 1123 1510 1181 minori
1525 1123 1589 1197 jure
1603 1124 1692 1182 eidem
1706 1126 1781 1183 Patri
1800 1127 1907 1186 reddi-

252 1226 297 1277 tus
311 1219 377 1287 tuin
394 1219 471 1276 illius
487 1227 577 1277 tamen
588 1234 652 1292 pars
666 1233 723 1274 non
737 1216 854 1273 minima
879 1213 1039 1274 llahaniano
1064 1210 1174 1270 cuidam
1197 1209 1319 1268 sermoni
1344 1211 1486 1283 inseritur,
1504 1211 1584 1285 cujus
1606 1212 1709 1270 lemma
1723 1220 1763 1270 est
1779 1230 1786 1270 :
1804 1214 1846 1271 De
1856 1215 1909 1288 je-

246 1303 328 1377 junio
338 1308 460 1378 Domini,
475 1315 498 1364 et
507 1307 611 1364 ratione
624 1305 865 1378 quadragesimalis
875 1303 983 1376 jejunii.

286 1397 382 1456 Sermo
398 1399 555 1457 tricesimus
567 1412 657 1454 nonus
670 1397 801 1455 Romanas
821 1394 952 1453 editionis
970 1394 1008 1451 ita
1025 1391 1204 1450 inscribitur:
1223 1392 1279 1451 Gur
1294 1392 1416 1451 Christus
1426 1391 1534 1464 jejunio
1547 1391 1577 1450 in
1590 1393 1701 1464 deserta
1717 1400 1770 1452 etc.
1785 1395 1838 1454 Mic
1858 1406 1909 1456 cst

251 1486 280 1545 iu
293 1487 452 1562 Appendice
475 1485 678 1562 Augustiniana
691 1485 858 1544 centesimus
881 1481 1106 1558 quadragesimus
1121 1481 1265 1554 septimus,
1284 1483 1333 1556 qui
1354 1489 1381 1540 et
1408 1481 1456 1540 alii
1483 1481 1550 1550 duo,
1578 1483 1713 1540 nimirum
1740 1485 1907 1542 tricesimus

250 1575 383 1649 septimus
397 1593 428 1635 ac
442 1575 609 1645 tricesimus,
625 1591 640 1632 e
657 1574 759 1649 quibus
773 1575 843 1631 alter
866 1571 899 1631 de
927 1572 1018 1646 prima
1044 1568 1149 1628 Christi
1172 1569 1326 1627 tentatione
1347 1571 1480 1644 disputat,
1502 1571 1572 1628 alter
1598 1570 1632 1628 de
1656 1571 1786 1640 secunda,
1816 1571 1908 1628 unius

250 1662 427 1739 ejusdemque
445 1666 654 1734 auctorissuut,
669 1671 787 1721 atcerte
802 1662 904 1721 certius
922 1677 978 1718 nou
997 1659 1148 1719 Ambrosii.
1164 1661 1282 1718 Tantum
1306 1662 1408 1737 quippe
1422 1661 1572 1720 abhorrent
1595 1677 1611 1718 a
1633 1661 1707 1736 stylo
1721 1661 1792 1735 ejus,
1806 1677 1909 1738 quau-

251 1759 311 1810 tum
326 1754 361 1812 ad
375 1753 491 1812 Maximi
505 1753 590 1810 iidem
603 1751 747 1812 accedunt.

285 1841 337 1910 Qui
356 1859 473 1900 numero
487 1842 694 1917 quadragesimo
708 1840 798 1914 primo
818 1839 849 1897 in
861 1841 983 1900 Romana
1001 1839 1123 1898 editione
1137 1839 1261 1914 ponitur,
1285 1839 1419 1915 cujusque
1436 1855 1535 1913 magna
1557 1838 1711 1914 fragmenta
1730 1839 1759 1896 iu
1782 1837 1907 1897 homilia

249 1928 354 1986 liabeni
368 1929 459 1988 Mauri
472 1930 502 1987 iu
516 1931 690 1988 Dominicam
711 1928 822 1987 tertiam
838 1928 1054 2003 quadragesimas
1067 1929 1321 2004 deprehenduntur,
1344 1931 1374 1988 iu
1393 1929 1553 2004 Appendice
1568 1929 1770 2003 Augustiniaua
1790 1929 1905 2004 adjudi-

248 2023 327 2076 catur
352 2026 448 2077 saucto
476 2019 606 2078 Cesario.
622 2019 821 2077 Verumtamen
838 2018 868 2075 in
879 2018 955 2076 hunc
968 2035 1123 2077 sermonem
1149 2019 1223 2078 haud
1236 2020 1307 2078 male
1322 2020 1447 2094 quadrat,
1469 2017 1542 2095 quod
1564 2019 1724 2077 Gennadius
1738 2029 1876 2078 memorat
1891 2039 1909 2078 a

247 2107 370 2168 Maximo
387 2110 535 2168 conciones
562 2110 687 2185 scriptas,
703 2110 743 2168 De
765 2108 871 2180 ieiunio
889 2109 999 2181 speciali
1024 2108 1250 2183 Quadrupesimoe‚
1279 2115 1307 2166 et
1327 2109 1397 2181 quod
1424 2125 1477 2165 nen
1504 2108 1540 2164 rit
1566 2107 1596 2164 in
1618 2125 1647 2164 eo
1668 2107 1825 2179 iocundum.
1848 2109 1906 2168 Sed

247 2197 359 2258 aliunde
376 2217 431 2260 uon
447 2203 539 2260 minus
552 2203 664 2260 videtur
678 2217 736 2260 esse
758 2199 882 2272 Caesarii,
905 2215 988 2278 quam
1007 2215 1099 2257 sermo
1113 2199 1264 2258 vicesimus
1289 2207 1385 2257 sextus
1404 2200 1535 2258 Romana
1562 2197 1705 2269 editionis,
1721 2214 1804 2273 quem
1817 2199 1856 2260 ab
1870 2219 1906 2261 eo

169 2333 181 2342 .
246 2289 380 2364 scriptum
392 2293 487 2352 nullus
499 2293 630 2368 ambigat.

281 2379 512 2456 Quadragesimus
535 2383 674 2442 secundus
696 2389 853 2441 memoratae
867 2380 999 2440 editionis
1021 2378 1093 2437 nihil
1108 2379 1188 2453 plane
1209 2377 1292 2436 habet
1309 2378 1384 2454 quod
1404 2394 1461 2435 uon
1476 2379 1564 2454 sapiat
1578 2385 1704 2439 sanctum
1730 2381 1903 2440 Maximum.

245 2467 322 2528 idem
336 2471 468 2531 similiter
479 2473 514 2530 de
539 2472 750 2548 quadragesimo
764 2472 882 2547 septimo
905 2470 1082 2529 statuendum
1106 2479 1158 2541 est,
1173 2469 1252 2546 cujus
1267 2469 1379 2528 initium
1395 2469 1489 2528 eadem
1512 2470 1635 2529 Romana
1648 2470 1734 2530 editio
1756 2487 1906 2548 perperam

246 2565 378 2627 mutarat,
395 2577 533 2638 quemque
547 2561 668 2622 Maximo
682 2563 776 2621 deberi
791 2561 896 2619 iudicat
915 2560 1074 2618 Gennadius
1097 2561 1149 2618 suh
1167 2561 1219 2619 hoc
1233 2560 1315 2620 titulo
1335 2579 1341 2619 :
1358 2562 1396 2620 De
1408 2562 1480 2620 ludo
1491 2562 1638 2635 proditore.

281 2647 330 2706 Mis
345 2648 511 2726 adjungatur
524 2652 749 2727 quadragesimus
770 2658 893 2722 octavus,
922 2661 948 2709 et
962 2651 1011 2726 qui
1025 2667 1060 2708 ex
1081 2666 1114 2707 eo
1128 2651 1258 2724 pendent,
1285 2651 1509 2726 quadragesimus
1534 2667 1625 2710 nouus
1645 2659 1673 2710 et
1696 2651 1908 2730 quinquagesi-

244 2753 317 2796 mus.
330 2740 386 2798 Hos
404 2741 479 2799 enirn
494 2743 609 2802 Maximi
623 2761 681 2802 esse
700 2742 771 2801 nihil
784 2760 840 2800 non
863 2743 973 2802 clamat.
993 2744 1055 2800 Nou
1070 2758 1215 2816 possumus
1235 2749 1327 2800 autem
1347 2743 1419 2818 quin,
1430 2743 1477 2801 hic
1491 2743 1696 2816 expostulamus
1713 2760 1776 2802 cum
1791 2747 1907 2804 Rorna-

244 2827 289 2887 nis
302 2829 466 2904 editoribus,
482 2833 529 2908 qui
544 2851 608 2893 cum
623 2834 702 2904 alibi,
713 2843 774 2892 tum
788 2833 817 2890 in
833 2832 933 2890 ultimo
949 2831 1049 2890 horum
1065 2848 1235 2904 sermonum,
1248 2833 1368 2908 plurima
1387 2833 1588 2907 refragantibus
1604 2833 1667 2892 aliis
1679 2833 1851 2894 editionibus
1867 2855 1907 2898 ac

244 2921 449 2995 manuscriptis,
465 2921 614 2980 immutare
626 2939 683 2982 non
693 2922 866 2980 dubitarunt.

279 3005 629 3088 Sermoquinquagesimus
642 3011 759 3085 primus,
774 3011 846 3069 sicut
861 3018 888 3068 et
911 3010 967 3070 duo
978 3013 1106 3088 proxime
1120 3013 1247 3091 subjecti,
1271 3015 1345 3073 inter
1366 3012 1550 3074 Maximianon
1573 3031 1681 3092 quoque
1709 3015 1905 3090 reperiuntur.

243 3097 299 3156 Nec
312 3098 472 3159 dubitamus
485 3101 553 3178 quin
576 3102 606 3159 hi
629 3102 682 3177 ipsi
697 3103 763 3174 siut,
780 3104 828 3178 qui
843 3113 1032 3162 memorantur
1045 3123 1060 3163 a
1073 3105 1216 3164 Gennadio
1238 3105 1289 3162 suh
1304 3104 1347 3162 his
1362 3104 1472 3162 titulis:
1488 3104 1527 3162 De
1549 3121 1625 3162 orum
1646 3105 1765 3173 Domini,
1789 3106 1830 3162 De
1853 3123 1904 3163 se·

240 3189 337 3262 pulcro
347 3189 414 3262 ejus,
429 3193 469 3251 De
483 3194 674 3253 resurrectione
687 3194 780 3268 ipsius.
797 3193 927 3268 Ejusdem
942 3195 1056 3252 Maximi
1083 3204 1147 3253 sunt
1174 3194 1277 3268 pariter
1298 3194 1541 3270 quinquagesimus
1564 3192 1687 3270 quintus,
1704 3201 1730 3251 et
1744 3193 1900 3270 quinqua-

245 3279 366 3351 gesimus
380 3289 485 3355 sextus,
500 3284 548 3358 qui
562 3283 734 3344 continuatio
759 3292 801 3343 eet
820 3285 1041 3362 quinquagesimi
1065 3285 1152 3357 tertii,
1175 3301 1232 3343 uon
1256 3300 1334 3344 secus
1348 3301 1380 3343 ac
1400 3285 1622 3360 quinquagesimi
1643 3285 1899 3360 quinquagesimus

243 3370 387 3444 septimus.

278 3457 396 3518 Caesario
410 3461 566 3521 restituitur
578 3462 608 3521 in
621 3464 824 3540 Augustiniaua
844 3462 1004 3538 Appendice
1027 3461 1273 3537 quinquagesimus
1287 3469 1411 3532 octavus,
1438 3461 1487 3536 qui
1501 3478 1551 3520 cur
1572 3459 1721 3536 aliquando
1743 3459 1905 3520 attributus

242 3549 328 3608 inerit
346 3553 505 3627 Ambrosio,
520 3555 592 3613 nihil
607 3557 687 3629 plane
708 3555 800 3612 habet.
814 3555 866 3613 Sed
881 3573 931 3614 nec
949 3551 1050 3630 potiori
1069 3551 1132 3625 jure
1155 3549 1277 3625 ejusdem
1300 3550 1413 3609 nomine
1437 3550 1543 3608 censeri
1566 3549 1669 3606 meruit
1692 3549 1899 3623 sexagesimus.

242 3637 311 3696 Nem
325 3648 507 3716 preterquam
521 3643 594 3718 quod
612 3643 641 3701 in
655 3644 769 3702 Maximi
783 3643 962 3714 editionibus,
979 3653 1006 3701 et
1027 3642 1224 3716 manuscriptis
1241 3658 1297 3699 non
1310 3641 1406 3716 paucis
1420 3640 1473 3715 ipsi
1488 3640 1656 3711 vindicatur,
1672 3655 1733 3714 quas
1755 3640 1786 3696 in
1801 3655 1836 3698 eo
1853 3641 1897 3699 di-

241 3732 343 3784 cuutur
357 3726 391 3785 de
405 3727 541 3803 baptismo
555 3732 753 3806 apostolorum,
768 3749 832 3793 cum
847 3731 883 3790 iis
904 3747 964 3806 qum
978 3733 1008 3792 iu
1021 3732 1155 3808 Apologia
1177 3731 1267 3790 David
1281 3747 1341 3805 cap.
1363 3732 1391 3802 9,
1414 3745 1493 3788 num.
1511 3729 1557 3797 tto,
1578 3731 1667 3804 legere
1695 3729 1771 3803 licet,
1795 3739 1898 3804 aperte

239 3822 374 3888 puguant.

274 3902 479 3978 Sexagesimum
490 3907 611 3982 primum
631 3917 729 3983 preter
742 3911 796 3968 alia
809 3909 930 3968 Maximo
950 3909 980 3969 id
994 3911 1076 3970 etiam
1086 3910 1221 3983 vindicat,
1241 3910 1315 3986 quod
1329 3927 1380 3967 nos
1402 3909 1436 3966 ad
1456 3923 1610 3966 sermonem
1627 3909 1896 3984 quinquagesimum

239 3991 399 4064 septimun,
415 4009 497 4067 quem
519 3994 642 4068 ejusdem
666 3997 790 4070 presulis
805 4016 862 4057 esse
886 4015 969 4072 supra
982 3998 1117 4072 diximus,
1133 3999 1245 4058 videtur
1268 4000 1419 4057 remittere.
1446 3998 1525 4068 Quod
1540 4008 1631 4056 autem
1645 3999 1680 4056 de
1690 3999 1800 4073 jejunio
1816 4000 1897 4059 Sab-

237 4079 296 4138 bati
313 4089 377 4140 ante
390 4083 569 4143 Pentecosten
583 4085 630 4143 bic
644 4094 822 4157 memoratur,
839 4088 875 4144 iis
890 4105 946 4145 uon
960 4089 1098 4165 congruit,
1125 4104 1186 4163 qum
1208 4089 1236 4145 in
1249 4088 1419 4160 sexagesimo
1433 4088 1527 4145 eadem
1542 4085 1575 4144 de
1590 4103 1619 4144 re
1632 4087 1734 4144 tradita
1746 4089 1867 4146 fuerunt
1883 4105 1891 4146 ε

237 4170 408 4248 proindeque
422 4174 545 4234 incidere
563 4183 653 4251 potest
666 4177 758 4251 aliqua
772 4175 920 4248 dubitatio,
940 4195 1008 4236 num
1022 4179 1093 4236 lorte
1107 4179 1141 4236 ad
1155 4183 1295 4236 auctorem
1308 4176 1346 4235 sit
1364 4175 1525 4234 referendus
1537 4175 1633 4235 eodem
1649 4175 1772 4236 Maximo
1787 4193 1898 4237 receu-

238 4261 352 4322 tionem.

272 4350 369 4410 Sermo
381 4354 566 4428 sexagesimus
581 4363 694 4432 quartus
706 4355 778 4413 nihil
788 4355 865 4413 aliud
879 4363 929 4426 est,
952 4372 1035 4431 quam
1061 4352 1158 4416 Basilii
1181 4351 1291 4410 homilia
1311 4351 1341 4408 in
1361 4352 1460 4410 dictum
1481 4351 1551 4409 illud
1574 4369 1607 4408 ec
1631 4350 1778 4424 Evangelio
1801 4369 1897 4412 secun·

209 4446 217 4461 ·
237 4439 300 4496 dum
315 4441 415 4498 Lucam
431 4461 438 4499 :
454 4447 595 4502 Deaeucm
609 4448 705 4503 horreo
719 4463 787 4516 men,
806 4453 874 4515 etc„
888 4449 1032 4506 nonnullis
1055 4455 1148 4506 tamen
1164 4441 1264 4518 partim
1283 4439 1397 4509 additis,
1414 4439 1515 4516 partim
1530 4441 1636 4498 recisis.
1652 4440 1755 4497 Eadem
1771 4437 1897 4500 homilia

236 4528 376 4586 Basiliana
386 4529 565 4588 Ambrosium
579 4533 609 4589 in
624 4533 695 4590 libro
710 4535 740 4591 de
753 4535 873 4594 Nobctbe
886 4552 968 4593 usum
983 4536 1123 4606 uidimus;
1144 4550 1201 4592 uon
1216 4541 1309 4590 tamen
1328 4547 1364 4589 ex
1386 4531 1439 4589 hoo
1453 4531 1556 4588 inferre
1572 4531 1637 4589 licet
1652 4539 1794 4589 auctorem
1814 4549 1895 4607 quo-

236 4633 289 4692 que
303 4617 387 4691 hujus
407 4620 542 4678 sermonis
555 4622 733 4680 Ambrosium
747 4640 815 4684 esse.
831 4625 962 4696 Quinimo
984 4627 1007 4684 si
1032 4624 1233 4685 contendantur
1251 4639 1314 4680 cum
1333 4620 1388 4678 hoc
1407 4637 1533 4678 sermone
1556 4637 1618 4696 qum
1641 4621 1672 4678 in
1696 4621 1794 4679 eodem
1817 4623 1893 4681 libro

235 4698 271 4767 er'r
286 4709 335 4768 illa
350 4709 466 4770 homilia
481 4713 606 4772 imitatus
631 4723 671 4774 est
692 4724 804 4774 sauctus
817 4717 990 4790 Ambrosius,
1005 4720 1081 4776 illico
1106 4722 1287 4791 cognoscetur
1308 4714 1454 4770 Ductorem
1470 4721 1596 4770 nostrum
1612 4713 1710 4769 basilii
1733 4714 1893 4772 sententias

235 4801 324 4858 multo
339 4800 470 4859 nobiliori
484 4803 590 4863 ratione
609 4820 668 4863 esse
682 4804 906 4882 interpretatum,
931 4824 1013 4882 quam
1027 4807 1186 4864 tralatorem
1200 4799 1285 4873 hujus
1305 4799 1440 4857 sermonis
1457 4803 1558 4876 quippe
1582 4800 1629 4876 qui
1652 4801 1736 4860 uerba
1759 4817 1796 4858 ex
1819 4818 1893 4860 rer-

234 4888 278 4947 his
293 4890 433 4949 serviliter
447 4892 576 4965 reddens,
591 4902 649 4953 tota
662 4896 829 4969 elocutione,
854 4913 886 4955 ac
911 4899 1086 4973 potissimum
1109 4895 1137 4951 iu
1152 4893 1187 4950 iis
1200 4889 1319 4960 laciniis,
1345 4904 1414 4965 quas
1431 4890 1582 4950 identidem
1597 4891 1632 4950 de
1646 4909 1697 4952 suo
1711 4891 1837 4951 intexuit
1855 4893 1892 4952 ab

234 4977 382 5038 Ambrosio
394 4979 472 5040 abest
486 4998 570 5057 qnam
585 4984 754 5059 longissime.

269 5067 477 5143 Sexagesimum
493 5083 614 5145 sextum,
635 5074 683 5151 qui
707 5075 803 5134 eodem
828 5088 944 5132 numero
958 5073 988 5131 iu
1003 5072 1161 5148 Appendice
1182 5075 1448 5152 Augustinianorum
1463 5087 1622 5130 sermonum
1637 5077 1738 5140 exstat,
1754 5070 1892 5144 opinatur

233 5159 413 5220 idabillouius
426 5161 462 5220 ad
477 5163 667 5234 undecimum,
682 5165 729 5240 qui
753 5164 786 5224 ab
808 5165 868 5238 ipso
882 5173 1013 5240 tauquam
1028 5164 1143 5222 Maximi
1162 5167 1253 5224 editus
1276 5165 1340 5235 luit,
1364 5163 1461 5222 reterri
1489 5177 1578 5236 posse.
1593 5161 1792 5221 Verumtamen
1808 5161 1891 5219 illius

232 5251 333 5325 stylus,
345 5260 441 5312 uestro
455 5253 568 5330 quidem
578 5254 697 5328 judicio,
714 5254 748 5312 ah
762 5254 845 5328 hujus
863 5255 953 5312 Patris
976 5253 1114 5314 scribendi
1142 5255 1224 5314 modo
1245 5262 1352 5314 tantum
1367 5254 1514 5326 discrepat,
1538 5259 1571 5310 ut
1585 5251 1714 5310 eumdem
1728 5267 1890 5311 sermonem

231 5344 338 5404 auctori
352 5345 472 5421 cuipiam
484 5347 631 5420 posteriori
649 5347 789 5406 lubentius
803 5346 1001 5421 adjudicemus.

267 5431 447 5494 Sermonihus
466 5437 496 5493 de
514 5438 640 5510 Tempore
657 5435 786 5509 subjectae
806 5437 914 5493 fuerant
934 5436 964 5494 in
982 5437 1105 5496 Romana
1119 5433 1241 5494 editione
1255 5433 1401 5492 conciones
1418 5431 1534 5507 aliquot,
1560 5447 1681 5505 quarum
1703 5438 1759 5488 tres
1784 5430 1889 5504 primas

232 5538 330 5598 nempe
345 5525 377 5582 de
392 5526 530 5596 Duailicie,
545 5534 573 5583 et
585 5527 614 5582 itt
628 5524 722 5597 summe
735 5526 914 5586 Valentiniani
935 5545 966 5584 cc
993 5523 1133 5586 Theodosii
1159 5523 1351 5594 imperatorum
1377 5535 1427 5577 suo
1452 5533 1589 5594 quamue
1601 5519 1666 5576 loeo
1680 5515 1862 5576 exhibuimus
1877 5535 1886 5574 ε

232 5617 358 5682 quartam
368 5626 458 5673 autem
471 5615 524 5674 soli
538 5612 671 5684 Maximo,
686 5613 767 5688 cujus
780 5622 807 5672 et
821 5614 926 5689 stylum
936 5614 1019 5688 sapit,
1034 5620 1062 5672 et
1070 5613 1101 5672 in
1115 5613 1228 5671 Petrum
1238 5611 1412 5671 Bibliotheca
1422 5609 1481 5684 jam
1493 5627 1596 5669 nornen
1609 5608 1732 5685 prefert,
1751 5609 1885 5666 relictum

231 5697 384 5756 voluimus.

269 5785 408 5848 &mnes
421 5791 452 5850 ds
467 5793 580 5856 mmm.
596 5823 632 5838 -
644 5793 787 5858 mundus
806 5810 975 5866 sermonum,
991 5809 1060 5872 quoa
1081 5799 1183 5854 nocant
1202 5793 1234 5852 de
1255 5792 1368 5863 macte,
1391 5789 1465 5866 apud
1486 5789 1673 5866 Augustiuum
1692 5793 1774 5863 atque
1796 5784 1886 5846 llari·
