4052 6192
284 265 337 326 873

796 262 845 319 AD
864 258 982 317 OPERA
1000 257 1028 314 S.
1048 255 1216 316 nueeosu
1234 255 1425 315 arrsuotx.
1857 263 1897 322 sap

284 405 340 464 tur,
358 394 392 452 ad
406 394 560 468 passionem
574 391 709 464 pertinet;
736 407 792 448 nou
815 391 888 465 quod
909 390 1007 448 timore
1030 405 1083 446 eo-
1095 393 1121 453 Α
1135 386 1205 442 uitia
1217 385 1391 459 derelinquat
1403 403 1408 442 :
1420 391 1447 442 et
1461 383 1618 458 quicunque
1632 383 1698 440 uitia
1707 385 1815 444 deserere
1825 393 1897 463 cupit,

288 494 366 548 aetus
380 489 417 544 sit
438 494 469 543 ut
483 502 533 559 pro
548 487 635 542 salute
650 485 755 560 generis
776 485 890 542 bumani
906 492 1060 542 moreretur
1075 501 1081 540 :

286 577 334 635 sed
347 576 475 633 timorem
496 592 546 648 pro
566 575 723 634 obedientia
744 575 866 648 accipere
885 574 1026 642 debemus,
1050 572 1084 628 dc

287 685 342 742 qna
356 668 413 738 ipsc
423 667 510 723 dicit:
529 665 608 722 «Non
624 667 687 723 veni
698 666 786 724 iacere
797 667 968 724 voluntatem
983 679 1082 731 meam,

284 759 333 817 sed
347 759 517 816 voluntatem
533 757 592 830 ejus
606 759 654 832 qui
669 759 743 816 misit
759 776 812 828 me,
833 760 921 817 Petris
937 759 1028 832 (Ioue.
1043 773 1082 823 vr,

284 848 345 919 36).
357 872 366 896 2
384 847 452 903 Nam
465 855 492 903 et
505 846 606 915 silium,
618 847 664 920 qui
677 849 747 919 patri
762 848 865 904 carnali
878 855 918 904 est
928 862 976 920 per
990 845 1084 901 omnia

283 935 425 1003 obediens,
442 942 547 1007 patrem
561 935 658 992 timere
673 935 802 1005 dicimus,
817 953 882 994 cum
893 936 942 992 illa
955 931 1082 992 obedien·

282 1023 322 1080 tia
337 1039 393 1080 non
408 1025 444 1082 sit
460 1023 578 1093 timoris,
594 1025 641 1082 sed
655 1025 766 1082 amoris.
777 1027 816 1082 De
831 1041 885 1097 quo
898 1023 997 1081 timore
1011 1020 1083 1076 Psal-

283 1112 365 1169 mieta
379 1111 465 1169 dicit:
489 1136 499 1160 ‹
518 1113 613 1170 Timor
624 1113 738 1170 Domini
751 1122 862 1170 sanctus
877 1127 1039 1186 permanens
1054 1109 1082 1166 in

282 1201 413 1260 seculum
436 1202 528 1258 saeculi
555 1203 641 1274 (Psoi.
665 1220 748 1270 xvrn,
775 1201 840 1273 lo);
866 1227 875 1250 »
906 1217 962 1256 non
992 1208 1082 1256 autem

282 1291 376 1360 timor,
397 1289 445 1348 sed
459 1291 578 1350 charitas
593 1293 643 1348 Dei
657 1290 687 1348 in
701 1291 832 1349 seculum
854 1291 949 1348 saeculi
972 1305 1084 1362 perma-

282 1381 370 1438 nebit.

316 1473 397 1530 Nunc
411 1473 529 1546 qualiter
549 1469 609 1528 bec
627 1479 731 1544 septem
754 1471 827 1528 dona
853 1468 972 1542 Spiritus
994 1467 1082 1525 sancti

281 1559 433 1634 unicuique
447 1559 573 1618 fidelium
594 1559 771 1628 conueniant,
798 1557 919 1616 breviter
931 1556 1082 1614 dicendum

281 1657 332 1707 est.
356 1650 392 1706 Et
417 1650 482 1723 quia
505 1665 555 1706 nos
578 1648 626 1722 qui
651 1663 699 1721 per
726 1649 821 1721 primae
847 1645 1082 1720 prevaricationis

1138 492 1247 534 neeesse
1265 483 1306 534 est
1322 475 1381 548 (3ι)
1404 482 1437 532 ut
1451 491 1499 548 per
1512 473 1667 532 doctrinam
1681 474 1822 534 divinarum
1834 479 1895 537 Scri-

1138 574 1293 638 pturarum,
1309 565 1368 621 sive
1383 580 1431 637 per
1444 562 1667 636 predicationem
1682 573 1822 622 sauctomm
1833 569 1897 625 uiro—

1138 671 1211 724 rum,
1241 655 1330 712 discat
1357 669 1418 728 quae
1445 653 1502 710 sint
1529 665 1628 726 genera
1650 650 1781 720 vitiorum,
1801 659 1897 728 qualiter

1138 742 1266 800 homines
1282 744 1441 816 illaqueent,
1457 747 1484 796 et
1498 741 1599 814 quibus
1614 737 1701 796 modis
1712 741 1834 815 exstingui
1846 762 1899 817 pos-

1138 833 1210 898 sint;
1242 847 1302 904 que
1328 831 1385 887 sint
1406 829 1490 885 etiam
1515 828 1688 901 deceptiones
1713 829 1859 903 daemonum,
1878 847 1898 892 et

1138 921 1258 994 qualiter
1277 927 1374 977 contra
1397 935 1442 975 eos
1458 918 1635 991 pugnandum
1650 918 1685 974 sit
1701 936 1706 974 :
1722 917 1771 976 boc
1782 929 1818 976 est
1834 923 1900 994 igitur

1138 1008 1259 1066 scientie
1274 1007 1403 1081 spiritum
1419 1007 1567 1080 possidere.

1172 1107 1209 1160 Et
1222 1105 1287 1178 quia
1301 1105 1432 1162 Salomon
1448 1104 1518 1162 dicit
1527 1105 1591 1179 quia
1608 1105 1675 1179 ·qui
1690 1105 1761 1162 addit
1773 1106 1901 1174 scientiam,

1137 1194 1214 1250 addit
1237 1204 1263 1252 et
1292 1195 1413 1252 lahorem
1440 1197 1539 1268 (Erote.
1557 1213 1575 1262 1,
1600 1195 1695 1266 ι8);·
1724 1198 1857 1254 ascieutia
1877 1199 1901 1254 ad

1137 1285 1312 1343 fortitudinis
1327 1288 1456 1361 spiritum
1472 1285 1676 1343 conscenditur.
1696 1286 1760 1342 Nam
1775 1287 1838 1343 sient
1851 1287 1902 1360 qui-

1138 1374 1205 1431 libet
1226 1363 1365 1450 preliator
1387 1393 1442 1434 non
1463 1385 1562 1434 contra
1585 1389 1647 1430 eum
1668 1391 1746 1448 quem
1769 1375 1795 1430 in
1808 1375 1903 1432 vinculis

1137 1476 1221 1538 tenet,
1237 1479 1349 1544 pugnat,
1374 1469 1420 1525 sed
1434 1468 1527 1540 potius
1548 1475 1645 1524 contre
1667 1482 1727 1521 eum
1743 1466 1786 1539 qui
1803 1465 1903 1522 resistere

1137 1559 1163 1614 ei
1177 1560 1237 1615 vult
1255 1576 1261 1616 :
1285 1560 1324 1615 ita
1339 1567 1365 1616 et
1382 1557 1508 1614 diabolas
1521 1571 1577 1612 non
1592 1562 1689 1613 eontra
1702 1571 1762 1613 eum
1776 1571 1846 1628 quem
1858 1555 1904 1610 rin·

1136 1648 1207 1704 culis
1230 1655 1405 1721 peccatorum
1425 1646 1605 1703 constrictum
1627 1651 1712 1712 tenet,
1734 1643 1850 1707 dimicat;
1869 1643 1903 1699 sed

281 1741 391 1814 culpam
405 1739 434 1794 in
449 1737 613 1811 perditionis
627 1737 725 1809 laqueo
736 1735 907 1808 jacebamus,
928 1735 1080 1794 misericor·
1096 1749 1120 1812 Β
1137 1736 1229 1809 potius
1242 1743 1340 1793 contra
1354 1752 1415 1793 eum
1434 1735 1482 1809 qui
1496 1751 1608 1808 peccare
1622 1733 1742 1803 desistit,
1760 1740 1785 1790 ct
1796 1733 1826 1790 ad
1838 1735 1904 1790 Deum

281 1828 329 1885 dia
342 1826 393 1885 Dei
408 1827 443 1882 ad
462 1843 580 1899 superna
604 1825 764 1883 reducimur
785 1825 819 1882 ab
843 1825 1033 1895 inferioribus,
1052 1825 1081 1882 id

281 1926 333 1987 est,
346 1933 363 1973 a
376 1918 476 1974 timore
494 1916 544 1973 Dei
558 1915 718 1988 incipimus,
731 1923 763 1972 ut
775 1915 810 1972 ad
824 1915 977 1988 superiora,
997 1916 1026 1972 id
1041 1922 1082 1971 est

247 2043 249 2046 -
281 2008 316 2066 ad
338 2007 513 2081 sapientiam,
539 2006 709 2080 proficiendo
734 2023 898 2064 crescamus.
920 2007 957 2064 Et
980 2007 1081 2082 quibus

281 2095 415 2170 gradibus
437 2096 563 2155 Christus
582 2093 756 2152 humiliando
771 2111 799 2153 se
813 2094 847 2152 ad
861 2111 913 2152 uos
926 2095 1079 2165 descendit,

280 2188 453 2260 salutemque
485 2193 608 2243 nostram
640 2184 784 2242 moriendo
815 2185 941 2259 perfecit,
976 2184 1080 2243 eisdem

279 2276 410 2350 gradibus
424 2284 451 2332 et
465 2291 516 2332 nos
529 2273 563 2332 ιιι
584 2290 646 2332 eum
662 2274 845 2332 conscendere
861 2273 994 2332 debemus
1010 2291 1016 2330 ε
1034 2273 1081 2330 ιι-

279 2365 378 2423 ciendo
389 2365 520 2422 videlicet
529 2373 665 2438 precepta
677 2364 747 2437 ejus,
764 2381 824 2439 quae
840 2364 870 2420 in
884 2363 965 2421 donis
976 2371 1079 2438 septem

279 2454 401 2529 Spiritus
422 2457 510 2514 sancti
525 2457 713 2513 continentur.
739 2455 858 2529 Spiritus
873 2455 957 2529 igitur
971 2456 1080 2513 timoris

278 2545 392 2604 Domini
405 2561 488 2618 super
498 2561 723 2620 unumquemque
737 2553 905 2619 peecatorem
921 2546 1078 2620 requiescit,

277 2654 340 2696 eum
355 2637 535 2694 considerans
555 2645 667 2710 peccata
689 2654 748 2708 sua,
762 2637 922 2711 justumque
941 2637 1078 2710 judicium

278 2726 329 2784 Dei
337 2726 543 2799 pertimescens.
557 2741 706 2799 poenasque
716 2725 788 2799 ignis
798 2729 903 2796 aetemi,
915 2743 975 2799 que
986 2726 1079 2800 impiis

279 2825 437 2890 praeparatae
454 2827 529 2887 sunt,
546 2818 581 2875 ad
595 2817 785 2890 penitentiam
801 2817 991 2889 lacrymasque
1006 2831 1078 2873 con-

279 2906 409 2976 vertitur,
426 2915 453 2964 et
467 2906 637 2963 amarissime
654 2905 719 2962 llere
741 2905 849 2977 incipit,
866 2904 940 2978 quod
955 2904 1079 2963 delecta-

280 2996 375 3054 biliter
389 2996 480 3070 gessit.

1137 1831 1194 1880 tota
1217 1833 1310 1882 mente
1332 1825 1488 1882 revertitur.
1514 1824 1679 1898 Quicunque
1698 1839 1760 1894 ergo
1781 1837 1825 1894 per
1840 1821 1905 1894 peni·

1136 1911 1251 1968 tentiam
1267 1911 1433 1985 pietatisque
1449 1926 1531 1984 opera
1547 1926 1564 1966 a
1577 1909 1684 1967 diaboli
1698 1908 1811 1965 vinculis
1823 1907 1906 1963 absolui

1136 2008 1271 2071 meretur,
1299 2009 1380 2076 atque
1398 2007 1494 2060 contra
1509 2015 1571 2056 eum
1593 2015 1643 2072 per
1664 1998 1784 2056 scientie
1805 1996 1905 2069 spiritum

1135 2097 1239 2154 bellem
1254 2099 1332 2170 cupit
1346 2097 1498 2166 instruere;
1525 2112 1637 2154 necesse
1657 2095 1740 2153 habet
1758 2101 1787 2150 ut
1799 2111 1814 2150 a
1825 2093 1906 2166 Spiritu

1134 2195 1230 2246 sancto
1244 2185 1418 2244 fortitudinis
1432 2185 1536 2242 donum
1552 2183 1689 2258 accipiat:
1706 2199 1759 2256 quo
1774 2183 1905 2246 instructus,

1134 2287 1161 2337 et
1183 2279 1328 2336 interiores
1355 2278 1458 2346 hostes,
1484 2276 1513 2335 id
1536 2283 1577 2334 est
1600 2276 1683 2345 vitia,
1704 2273 1823 2332 funditus
1843 2272 1907 2347 possit

1134 2368 1322 2442 exstinguere,
1351 2373 1378 2424 et
1392 2366 1553 2434 exteriores,
1578 2364 1712 2422 videlicet
1726 2363 1850 2430 homines,
1873 2378 1907 2433 per

1134 2460 1294 2534 patientiam
1323 2477 1460 2534 superare,
1489 2461 1639 2535 omniaque
1662 2457 1756 2531 jacula
1780 2458 1906 2515 demonum

1134 2559 1212 2607 scuto
1224 2548 1289 2605 fidei
1303 2567 1319 2606 a
1336 2565 1365 2606 se
1381 2549 1522 2621 repellere.
1883 2597 1889 2609 .

1169 2639 1371 2698 Aiortitudine
1392 2642 1427 2698 ad
1441 2641 1589 2698 consilium
1605 2639 1821 2698 conscenditur:
1839 2637 1907 2696 consi·

1134 2731 1203 2788 lium
1225 2738 1318 2788 autem
1345 2731 1445 2787 salutis
1468 2738 1568 2787 nostrae
1591 2729 1620 2786 in
1647 2729 1787 2804 praeceptis
1807 2727 1908 2786 consistit

1133 2819 1310 2892 evangelicis.
1327 2818 1459 2893 Quisquis
1480 2820 1566 2892 igitur
1586 2819 1660 2876 vitia
1679 2819 1708 2877 in
1723 2835 1750 2876 se
1763 2818 1908 2888 exstinguere

1132 2919 1182 2978 per
1196 2905 1374 2963 fortitudinis
1391 2907 1519 2978 spiritum
1541 2907 1645 2979 potuit,
1669 2922 1777 2963 necoese
1791 2911 1828 2960 est
1844 2908 1870 2958 nt
1884 2898 1909 2954 ad

1132 2997 1262 3054 mandata
1278 3005 1351 3063 515
1365 2998 1511 3072 Evangelii
1536 2999 1595 3070 (33)
1625 2996 1825 3073 perscrutanda,
1847 3001 1909 3064 atque

314 3092 433 3165 Spiritus
442 3109 508 3150 vero
518 3091 629 3165 pietatis
642 3109 723 3166 super
737 3092 888 3167 quemlibet
902 3101 1074 3166 peccatorum
1094 3110 1116 3172 c
1133 3097 1163 3152 in
1180 3095 1262 3154 corde
1277 3113 1327 3154 suo
1349 3096 1523 3154 recondenda
1545 3105 1691 3166 transeat;
1718 3097 1766 3153 ubi
1789 3091 1909 3151 consilium

280 3181 437 3256 requiescit,
471 3181 536 3239 dum
568 3181 683 3240 audiens
713 3182 882 3255 Scripturam
916 3181 1077 3238 dicentem:
1135 3187 1262 3257 reperiet,
1285 3185 1408 3260 qualiter
1420 3185 1454 3242 ad
1475 3186 1657 3260 perfectionis
1679 3186 1787 3244 culmen
1807 3191 1908 3240 conscen-

286 3272 392 3330 ‹Sicut
418 3288 487 3346 aqua
516 3272 669 3345 exstinguit
696 3271 805 3344 ignem,
840 3271 879 3328 ita
905 3271 1080 3344 eleemosyna
1134 3274 1199 3333 dere
1213 3277 1313 3334 valeat.

278 3362 432 3436 exstinguit
447 3368 588 3435 illocatum
606 3363 704 3434 (Ειιιὶ,
720 3379 763 3430 nr,
778 3361 824 3432 33)
838 3379 866 3428 ;·
887 3367 914 3417 ει
928 3360 1079 3416 Dominum
1168 3365 1204 3423 Et
1220 3365 1291 3441 quia
1305 3365 1434 3424 mandata
1448 3365 1592 3438 Evangelii
1606 3365 1671 3423 sine
1685 3363 1829 3422 virtutibus
1840 3365 1909 3416 coste

277 3451 442 3508 dicentem:
473 3477 482 3500 ι
507 3454 575 3508 ⁰³10
603 3451 816 3522 lleeffiffiysslm,
845 3457 873 3505 θι
896 3465 958 3506 0000
986 3448 1080 3505 Omnia
1133 3455 1188 3513 diri
1203 3473 1259 3513 uon
1276 3464 1403 3529 possunt,
1424 3473 1440 3513 a
1461 3455 1562 3530 spiritu
1580 3456 1697 3513 consilii
1720 3455 1754 3512 ad
1768 3454 1910 3511 intellectum

279 3539 385 3595 munda
406 3549 471 3597 sunl
491 3539 572 3595 Vobil
592 3539 722 3606 (llll-¹¹,
742 3538 832 3608 41)st
862 3536 935 3592 ²¹⁰¹⁰
958 3543 1079 3610 edentes»
1132 3546 1343 3615 conscenditur,
1369 3546 1399 3602 in
1415 3545 1618 3620 quoperlectio
1642 3547 1778 3603 virtutum
1793 3551 1844 3600 tota
1862 3553 1909 3596 con·

280 3627 382 3684 ιθὸῑιῑθ
395 3627 494 3695 nudos,
515 3634 542 3683 θῑ
556 3635 654 3684 wilra
668 3626 778 3700 plebilis
795 3641 878 3698 ⁰90st
891 3625 990 3698 Ῐῐιῦιιιῑῑ
1003 3641 1080 3682 ⁸¹⁰¹·
1132 3637 1215 3694 sistit.
1231 3637 1390 3694 Intellectus
1405 3651 1470 3693 vero
1480 3637 1584 3693 donum
1594 3653 1613 3692 a
1623 3637 1732 3710 Spiritu
1739 3644 1829 3692 sancto
1840 3629 1912 3688 fideles

279 3733 362 3787 cere;
391 3726 423 3775 ut
449 3721 537 3775 Deum
566 3718 635 3775 ³¹i⁰⁸
664 3716 820 3774 fflifflfassdll
846 3716 996 3791 iminium
1025 3716 1079 3773 Sibi
1133 3728 1288 3802 accipiunt,
1303 3746 1366 3786 cum
1378 3727 1507 3786 omnibus
1518 3729 1675 3787 virtutibus
1688 3729 1771 3787 ditari
1782 3731 1909 3784 merenturt

279 3807 373 3876 faciti,
394 3823 476 3881 quern
499 3805 638 3880 ΡθῢθιῐιιῙθ
660 3806 821 3863 Ostenderat·
844 3805 922 3861 Unde
941 3813 967 3862 θ)
981 3805 1077 3863 Daniel
1133 3817 1180 3874 ille
1191 3819 1372 3875 enimverum
1382 3818 1552 3875 intellectum
1566 3819 1703 3891 possidet,
1716 3818 1763 3892 qui
1774 3816 1824 3874 fide
1834 3807 1912 3870 illuni.

279 3897 413 3970 propbeta
430 3913 521 3970 regem
546 3896 754 3970 impiissimum,
778 3903 809 3952 ιιι
824 3901 934 3968 peccata
947 3911 997 3952 sna
1010 3895 1078 3952 elee-

278 3985 403 4059 mosynis
426 3985 575 4043 redimeret
596 3993 624 4043 et
647 3983 845 4042 misericordiis
866 3999 1017 4059 pauperum
1031 3985 1078 4043 ad·

279 4091 391 4134 mouere
406 4073 523 4133 studuit.

314 4177 339 4232 A
366 4175 467 4248 pietate
494 4174 528 4231 ad
555 4173 677 4230 scientiae
709 4173 837 4245 spiritum
863 4173 1075 4243 conscenditar;

279 4279 354 4332 nam,
371 4261 499 4336 quamvis
514 4261 642 4320 videatur
655 4261 756 4336 aliquis
769 4261 912 4318 scientiam
927 4261 1076 4334 possidere,
1132 4272 1311 4346 perfectionis
1325 4274 1523 4332 conscenditur
1541 4275 1685 4348 sapientia
1700 4269 1844 4331 intellectui
1861 4281 1909 4337 pre·

280 4355 381 4410 stultus
395 4361 444 4422 est,
460 4353 484 4410 si
499 4353 570 4409 male
584 4352 666 4408 vivit.
681 4351 754 4419 Quid
768 4351 841 4407 euim
858 4351 979 4420 stultius,
995 4368 1077 4425 quam
1132 4362 1257 4436 ponitur,
1285 4364 1314 4420 in
1339 4381 1392 4437 qua
1416 4372 1473 4421 1012
1495 4365 1634 4437 perfectio
1657 4364 1795 4423 consistit,
1821 4361 1854 4416 De
1874 4354 1910 4410 bar

280 4440 409 4496 ιιιιιοιθιιι
424 4441 474 4496 Dei
488 4457 504 4496 a
518 4449 609 4497 mente
622 4438 752 4513 abjicerss,
767 4440 845 4496 Villis
859 4440 997 4498 [18³0eroe
1006 4441 1077 4511 (30),
1092 4469 1116 4529 D
1134 4451 1300 4524 perfectione
1322 4451 1458 4509 Dominus
1478 4453 1546 4510 digit
1570 4455 1600 4510 jn
1617 4453 1795 4526 Evangelio:
1823 4473 1830 4495 ι
1847 4445 1869 4500 Si
1882 4441 1910 4494 tis

283 4527 434 4601 rapidoque
451 4544 533 4585 cursu
548 4527 582 4584 ad
596 4528 739 4584 interitum
757 4529 924 4600 properare?
944 4529 972 4585 Si
994 4529 1079 4602 igitur
1135 4542 1272 4614 perfectus
1292 4559 1360 4611 esse,
1381 4543 1462 4611 vade,
1480 4542 1570 4599 vende
1589 4547 1693 4602 omnia
1716 4559 1775 4616 que
1797 4537 1876 4600 babes,
1892 4533 1910 4581 tl

281 4617 401 4675 stultitia
414 4625 455 4674 est
469 4616 547 4673 uitiis
572 4617 719 4685 deservire,
745 4624 772 4672 et
787 4617 902 4673 seientia
920 4617 1025 4690 optima
1038 4625 1080 4676 est
1133 4629 1168 4687 da
1182 4631 1361 4703 pauperihus,
1383 4640 1410 4688 et
1432 4629 1545 4688 habebis
1570 4631 1737 4688 thesaurum
1760 4631 1788 4685 in
1802 4626 1874 4686 reim
1892 4623 1910 4670 et

282 4709 352 4767 uitia
365 4707 497 4776 deserere,
513 4716 593 4783 atque
607 4710 641 4768 ad
655 4713 742 4768 Deum
758 4719 816 4767 tota
830 4719 921 4768 mente
936 4713 1077 4781 converti;
1132 4719 1207 4788 ueni,
1223 4735 1335 4792 sequere
1351 4736 1394 4776 me
1417 4720 1525 4792 (Metti.
1541 4736 1603 4790 xm,
1621 4721 1711 4794 21)·
1741 4719 1806 4775 Sunt
1819 4717 1909 4779 namque

282 4801 442 4876 quicunque
452 4817 500 4873 per
512 4801 620 4859 timoris
630 4804 757 4876 spiritum
768 4812 876 4877 peccata
892 4821 941 4861 sua
952 4805 1079 4880 plangere
1134 4809 1227 4878 multi,
1248 4810 1295 4882 qui
1310 4809 1344 4865 ad
1368 4808 1545 4882 perfectionis
1566 4809 1684 4866 culmen
1701 4807 1792 4865 subite
1810 4809 1910 4860 consoess·

1133 3915 1225 3975 natur,
1240 3908 1286 3980 qui
1299 3907 1367 3981 pudi
1381 3909 1451 3964 citia
1461 3908 1626 3978 mundatur,
1643 3906 1910 3982 patientiadecoratun

1132 3997 1180 4069 qui
1194 3996 1353 4054 bumilitate
1368 3997 1505 4066 munitur,
1527 3997 1575 4070 qui
1589 3997 1732 4056 charitate
1746 3994 1860 4066 refulget,
1876 4001 1912 4044 ιι·

1132 4091 1253 4164 terisque
1266 4090 1418 4148 virtutibus
1435 4100 1658 4150 consummatur.

1167 4185 1203 4241 Et
1212 4185 1278 4258 quia
1291 4201 1340 4257 per
1354 4185 1540 4258 operationem
1553 4185 1613 4260 (33)
1626 4186 1767 4243 uirtutum
1782 4181 1813 4240 ad
1824 4179 1909 4239 erineo

283 4891 394 4966 incipit,
405 4900 433 4948 et
445 4910 494 4967 ρει
508 4894 617 4966 pietatis
627 4895 756 4967 spiritum
768 4895 922 4955 misericors
934 4913 997 4969 erga
1008 4895 1079 4954 indi·

284 4989 378 5054 gentes
392 4996 449 5037 esse
469 4981 571 5052 studet,
594 4991 626 5038 ut
639 4985 726 5040 Deum
742 4985 810 5041 alios
825 4985 982 5041 miserando
998 4985 1080 5040 mise·

283 5069 420 5128 ricordem
432 5069 484 5128 sibi
505 5069 598 5137 faciat,
614 5087 723 5128 necesse
735 5079 777 5128 est
795 5081 826 5129 ut
840 5087 888 5144 per
903 5071 1006 5128 donum
1019 5087 1081 5128 san·

1134 4895 1198 4952 dere
1212 4905 1346 4954 conantur
1362 4915 1368 4955 :
1394 4898 1441 4955 sed
1456 4897 1521 4972 quia
1536 4913 1583 4971 per
1608 4899 1714 4972 gradus
1734 4897 1855 4953 virtutum
1870 4895 1908 4940 ιιι

1134 4987 1331 5058 conscendunt,
1355 4987 1436 5045 facile
1460 4995 1606 5045 corruunt.
1636 4986 1712 5056 Quid
1736 4985 1805 5041 enirn
1827 4975 1909 5051 prodeat

1134 5075 1315 5133 substantiam
1331 5078 1495 5150 relinquere,
1508 5077 1531 5132 si
1547 5077 1631 5146 iram,
1648 5077 1757 5146 odium,
1768 5071 1905 5130 ebrietatem,
1962 5129 1963 5146 Χ

284 5165 322 5218 ιιι
336 5157 455 5233 Spiritus
469 5159 590 5217 scientie
605 5160 734 5233 spiritum
752 5159 899 5233 possideat.
919 5159 1082 5233 Quicunque
1135 5164 1281 5236 invidiam,
1308 5165 1473 5238 superbiam,
1502 5181 1603 5221 vanam
1632 5168 1762 5240 gloriam,
1788 5161 1908 5224 ceteraqtl

285 5252 359 5309 enim
384 5249 509 5308 converti
533 5249 567 5307 ad
583 5252 671 5307 Deum
696 5248 843 5320 desiderat,
864 5263 974 5306 necesse
997 5257 1083 5308 estut
1136 5254 1295 5329 vitiaque
1310 5253 1443 5311 occidunt
1464 5253 1598 5322 animam,
1624 5263 1749 5312 amente
1763 5237 1907 5309 suanonab

321 5411 379 5485 (30)
399 5411 487 5482 nott,
502 5409 575 5469 vitiis
589 5411 743 5468 desemiret
757 5407 871 5468 scientio
887 5425 949 5466 cero
963 5408 1082 5467 murima
1173 5411 1232 5486 (32)
1252 5413 1449 5498 Fragmentum
1464 5414 1527 5474 cod.
1543 5413 1675 5486 Aud.,ut
1689 5415 1726 5472 ed
1741 5396 1908 5469 maeeerl
1961 5393 1962 5410 ¹

286 5491 334 5551 est,
350 5493 422 5546 etc:
440 5502 505 5540 mss.
521 5493 552 5541 ut
566 5485 594 5539 in
610 5489 752 5540 contextu.

324 5555 382 5624 (3ι)
405 5556 520 5637 ιιιιιίιά
542 5555 709 5636 derelinquet
710 5593 763 5611 .....
784 5571 883 5612 neccsse
902 5561 950 5622 eet,
974 5571 1009 5612 ex
1028 5554 1082 5612 lldc

290 5637 355 5678 mss.
371 5639 494 5681 omnium
509 5641 694 5698 reposurmus.

1135 5487 1176 5542 oei
1190 5487 1337 5556 Euangelon

1173 5557 1232 5628 (33)
1248 5555 1313 5613 Gill.
1327 5559 1528 5629 perorationem
1541 5558 1696 5626 vetretum
1711 5559 1798 5621 Rom,
1810 5565 1852 5622 pet
1862 5557 1905 5598 m·

1138 5628 1239 5683 tionum
1252 5629 1376 5685 virtatem
1384 5647 1394 5696 ,·
1408 5646 1474 5689 mss.
1487 5647 1552 5690 vero
1566 5629 1655 5688 uobis
1668 5630 1825 5701 congruunt·
