4122 6192
99 252 129 310 qt
826 238 1034 296 ADMONITIO.
1723 236 1758 294 ta

100 391 183 449 quam
203 375 324 449 plurima
341 371 374 429 ad
395 369 560 444 religionem
583 367 688 443 Deique
711 367 829 436 cultum,
851 369 940 428 necA
959 365 1049 438 (Dect.
1075 379 1176 432 xxxiv,
1201 363 1241 435 l).
1266 363 1302 420 Et
1325 364 1470 421 confestim
1496 378 1545 437 per
1568 363 1684 420 verbum
1707 364 1758 433 llej

101 483 156 523 oon
172 463 207 521 ad
223 479 281 521 rem
295 461 436 536 publicam
462 458 537 516 bello
562 472 682 531 paceque
706 455 902 514 moderandam
957 460 1084 509 mortuus
1107 461 1158 523 est,
1181 462 1207 510 et
1229 453 1353 526 sepultus
1378 454 1407 509 in
1431 453 1525 522 valle;
1555 460 1581 509 et
1600 450 1756 525 sepulcrum

100 553 263 628 spectantia,
278 552 388 624 Moyses
397 549 565 623 Eleazarque
579 547 706 604 sacerdos
718 546 748 603 in
764 547 815 604 hac
827 563 902 604 man·
957 544 1016 617 ejus
1041 561 1121 602 nemo
1140 541 1220 600 novit
1243 560 1330 618 usque
1354 544 1384 600 in
1408 542 1574 599 hodiernum
1598 541 1681 599 diem.
1707 542 1760 614 llio

101 644 180 701 sicne
196 643 225 699 in
240 641 366 698 ordinem
383 640 548 712 redegerunt
559 638 652 710 (Num.
669 653 749 706 xxvi,
763 635 811 709 sl)
824 652 829 690 :
843 652 903 710 qua
958 633 1022 690 linis
1044 633 1151 707 Moysi,
1178 634 1408 708 mansionumque
1431 632 1526 706 populi
1548 632 1628 705 jussu
1653 632 1704 689 Dei
1729 631 1759 688 in

101 749 137 790 ne
149 735 178 790 in
191 731 277 790 nimis
286 732 398 805 longum
409 736 531 787 nostram
543 725 734 801 protraherent
744 725 902 794 lectionem,

102 825 148 881 vel
163 823 227 899 quia
241 822 341 894 saepius
356 820 419 877 aliis
439 819 469 876 in
487 817 554 878 locis
577 833 609 874 ea
629 815 804 890 digessimus,
829 830 903 871 nune

102 914 257 973 omittenda
270 928 427 971 censemus.
443 909 561 968 Silentio
576 916 668 965 mmeu
682 905 903 981 pratereundum

101 1022 158 1063 non
176 1005 321 1074 duximus,
335 1003 412 1077 quod
425 1003 532 1075 bloyses
544 1007 701 1057 extremum
716 996 769 1056 sibi
794 996 903 1054 tandem

102 1113 151 1170 per
165 1095 285 1152 verbnm
299 1095 352 1151 Dei
367 1094 468 1149 instare
490 1091 564 1148 diem
586 1106 746 1164 agnoscens,
766 1090 904 1147 declarato

102 1187 160 1244 sihi
175 1200 341 1253 successore,
357 1183 505 1257 populique
519 1181 599 1250 duce,
616 1181 745 1238 mandato
756 1180 818 1250 Dei,
841 1180 905 1237 Jesu

105 1278 195 1346 Nave,
222 1274 441 1349 prascriptisque
463 1272 706 1329 benedictionibus
731 1288 761 1328 ac
793 1270 904 1327 maledi-

102 1365 263 1434 ctionibus,
292 1363 394 1439 quibus
423 1362 612 1420 observatores
647 1361 906 1435 praevaricatoresve

102 1455 207 1513 divina
229 1452 299 1527 legis
312 1453 497 1521 incurrerent,
511 1466 620 1510 necnon
635 1450 829 1524 praenuntiatis
843 1449 906 1506 sin-

103 1545 176 1619 gulis
185 1542 317 1601 tribubus
330 1559 392 1617 quae
407 1543 437 1600 in
451 1542 516 1599 illos
531 1540 694 1614 singillatim
707 1545 906 1612 superventura

959 722 1085 779 ordinem
1103 723 1311 780 recensitarum.
1334 722 1469 781 Caeterum
1493 721 1627 779 nonnulla
1641 721 1760 795 mystica

960 827 1035 867 nuuc
1047 812 1212 884 explicanda
1235 812 1336 882 forent,
1361 812 1415 868 nisi
1439 811 1539 868 horum
1563 811 1693 884 pleraque
1710 828 1760 884 per

960 909 1107 958 tractatum
1121 910 1282 973 presentem
1293 901 1498 973 sparsissemus,
1509 899 1564 956 alia
1573 916 1640 957 vero
1653 901 1682 956 in
1697 899 1760 957 aliis

960 988 1028 1044 locis
1051 987 1277 1061 explicassemus.
1307 987 1379 1044 lllud
1410 986 1529 1061 denique
1555 989 1759 1046 observandum

960 1094 1048 1151 cperae
1078 1077 1202 1152 pretium
1231 1076 1429 1150 judicavimus,
1455 1076 1529 1149 quod
1552 1077 1690 1135 universis
1712 1078 1759 1138 hic

960 1165 1095 1224 transitus
1110 1164 1173 1222 ideo
1189 1172 1432 1232 commemoratur,
1447 1169 1644 1238 proptereaque
1668 1165 1759 1223 omnis

961 1257 1008 1316 hic
1022 1275 1120 1316 cursus
1132 1256 1367 1314 consummandus
1383 1255 1567 1330 proponitur;
1592 1264 1623 1312 ut
1645 1256 1680 1313 ad
1693 1257 1760 1314 Jor-

960 1347 1059 1404 danem
1079 1347 1129 1404 Dei
1154 1346 1271 1403 fluvium
1297 1346 1409 1402 demum
1433 1344 1633 1417 pervenientes,
1656 1344 1759 1402 divinae

961 1437 1045 1493 undis
1060 1436 1203 1509 sapientiae
1218 1436 1378 1508 irrigemur;
1395 1441 1426 1490 ut
1439 1450 1488 1508 per
1502 1433 1596 1490 omnia
1609 1433 1759 1506 purificati,

962 1527 1154 1600 promissionis
1167 1536 1279 1596 terram,
1294 1527 1351 1582 Deo
1365 1524 1477 1582 taudem
1501 1525 1659 1594 miserante,
1675 1525 1760 1583 intra·

103 1637 204 1706 lorent,
240 1650 324 1708 super
361 1641 485 1690 montem
521 1631 597 1690 Nebo
624 1630 786 1688 conscendit
816 1629 904 1702 (Dect.
961 1633 1001 1687 re,
1024 1625 1052 1675 θῐ
1076 1634 1139 1676 ⁰¹1ffl
1163 1617 1297 1691 AP⁰⁸¹⁰¹⁰
1320 1614 1411 1672 ffioefe
1434 1615 1597 1672 Vilfflfflflffl
1619 1639 1628 1665 ⁶
1650 1615 1759 1673 3⁰1¹1¹¹11

103 1742 204 1796 xxxiv,
229 1725 269 1799 l),
293 1724 415 1798 indeque
434 1723 554 1796 amplam
579 1722 766 1796 optimamque
793 1719 907 1778 Charra·
922 1735 943 1797 ρ
961 1719 1100 1768 certamen
1112 1707 1227 1777 certavi,
1245 1723 1357 1764 cursum
1372 1706 1573 1776 consummavi,
1598 1705 1681 1764 iidem
1704 1723 1760 1765 ser·

104 1833 227 1875 neopum
257 1815 409 1888 regionem,
438 1823 540 1872 terram
566 1814 664 1889 utique
691 1811 761 1869 laete
781 1816 808 1866 et
824 1813 906 1870 melle
960 1799 1034 1868 vavi,
1046 1797 1200 1871 eijusiitiae
1211 1811 1311 1854 corolla
1326 1811 1408 1871 quam
1422 1795 1558 1854 Dominus
1569 1794 1661 1868 justus
1671 1794 1760 1870 judex

106 1915 275 1976 manantem,
290 1905 413 1979 patribus
434 1904 559 1980 repetitis
573 1903 656 1961 etiam
671 1901 791 1960 oraculis
806 1919 904 1976 reprc-
958 1889 1056 1946 reddet
1071 1887 1100 1944 1¹1
1116 1888 1166 1945 5¹¹³
1180 1887 1225 1944 die
1251 1887 1287 1943 ii⁸
1309 1886 1357 1960 qui
1380 1884 1501 1958 (millum
1523 1885 1675 1942 Advssssfflffl
1700 1884 1760 1957 ejus

107 1999 230 2068 missam,
245 1999 332 2056 monti
347 1996 423 2056 Nebo
442 2013 477 2054 ex
498 1995 615 2053 adverso
630 1995 760 2070 positam,
774 2003 801 2051 et
815 1992 905 2050 oculis
960 1978 1005 2052 (Π
1020 1979 1089 2036 Tim·
1104 1995 1143 2046 ll,
1159 1979 1185 2049 7,
1200 1975 1242 2051 8),
1255 1983 1404 2049 Γθβῡῦὃῑῠΐ
1418 1974 1499 2032 110Μῦ
1511 1990 1559 2048 les
1572 1974 1666 2031 lesum
1680 1971 1759 2031 Chii·

105 2091 292 2166 perlustravit,
308 2100 336 2149 et
350 2089 444 2148 auimo
457 2087 655 2156 consideravit,
674 2093 701 2143 et
722 2090 755 2140 ut
777 2083 905 2156 Apostoli
959 2077 1033 2126 sium
1047 2068 1197 2126 D⁰ffli¹¹11¹¹¹
1213 2065 1408 2136 ¹¹⁰⁵²s¹11112⁰¹¹i
1425 2082 1487 2123 ⁰¹1¹11
1503 2064 1584 2122 P³²f⁰
1604 2071 1631 2120 ⁰¹
1654 2063 1759 2136 Spiritu

106 2184 197 2241 verbis
211 2183 305 2258 (llebr.
326 2201 368 2254 xr,
394 2181 439 2254 ta)
456 2189 528 2249 utar,
553 2180 667 2252 elonga
688 2175 829 2234 salutavit.
845 2173 905 2243 Quo
959 2167 1054 2216 ”⁰0¹⁰
1067 2157 1159 2215 ⁰11¹ssi⁸
1182 2165 1224 2213 θῦῑ
1244 2155 1344 2225 ῙῙΟΠΟΓ,
1370 2155 1467 2229 81οΓῑῶ
1489 2161 1517 2211 θῑ
1540 2153 1709 2229 perpetuitas
1730 2153 1759 2210 5¹¹

107 2271 222 2346 denique
236 2281 358 2347 peracto,
375 2271 448 2329 dixit
462 2271 505 2327 illi
519 2267 657 2327 Dominus
673 2286 679 2326 :
699 2292 709 2318 ι
724 2266 839 2325 Ostendi
852 2274 905 2323 ter·
959 2249 1058 2308 Saessssll
1072 2249 1246 2307 saeculffluffl·
1262 2249 1362 2305 Amen·
1377 2271 1387 2296 ‘

108 2381 164 2422 ram
186 2365 258 2422 hanc
280 2365 371 2422 oculis
392 2364 459 2434 tuis,
484 2361 533 2419 sed
556 2361 632 2418 illius
663 2376 719 2417 non
741 2357 906 2433 ingredieris

425 2593 478 2664 hv
500 2588 825 2671 SUBSEQUENTIA
850 2583 1157 2658 COMMENTARIA
1181 2582 1435 2654 Ahuonlrlo.

141 2830 284 2900 Quantum
299 2829 367 2886 olim
386 2826 484 2884 multis
498 2824 606 2884 saeculis
620 2821 808 2897 conspiratum
823 2829 875 2890 est,
888 2828 920 2878 ut
929 2834 1046 2895 sequens
1055 2816 1130 2890 Opus
1140 2815 1388 2874 sanctoAmhrosio
1402 2814 1573 2872 tribueretur
1585 2831 1592 2882 ;
1602 2821 1679 2871 tanta
1692 2828 1756 2869 con·

109 2919 233 2977 censione
247 2923 385 2995 quotquot
402 2931 478 2973 nunc
493 2913 547 2970 viri
564 2912 667 2970 eruditi
684 2909 813 2980 audiunt,
834 2908 905 2966 illud
928 2908 1016 2964 eidem
1040 2907 1140 2964 volunt
1162 2904 1361 2979 adjudicatum.
1378 2906 1489 2962 Etenim
1501 2903 1558 2977 y'am
1574 2905 1640 2963 inde
1653 2923 1670 2962 a
1683 2922 1757 2964 nono

108 3011 205 3068 seculo
220 3006 506 3080 llincmarusi'lract,
522 3005 553 3062 dc
567 3003 690 3061 Divertic
704 3001 836 3068 lothorii,
852 2999 932 3070 eta),
948 2994 1071 3054 Ecclesia
1093 2993 1286 3066 Lugdunensis
1309 2995 1389 3067 (tom.
1407 2993 1444 3052 lV
1459 2994 1532 3050 Bibl.
1551 2994 1608 3050 PP.
1625 3002 1695 3067 part.
1710 2997 1756 3068 ιι),

106 3099 255 3158 concilium
270 3097 490 3170 Aquisgrauense
504 3094 617 3151 tertium
632 3093 717 3165 (Anu.
732 3089 796 3157 862,
810 3103 869 3160 cap.
886 3085 925 3158 8),
939 3083 1107 3153 Amalarius,
1122 3083 1413 3158 Prudentius,Haymo
1424 3092 1451 3140 et
1465 3086 1558 3157 plures
1571 3084 1620 3141 alii
1634 3085 1756 3158 ejusdem

107 3191 239 3266 temporis
252 3197 379 3247 auctores
393 3189 479 3245 multa
493 3202 528 3243 ex
552 3185 596 3242 his
621 3183 689 3257 ipsis
712 3175 926 3239 Commentariis
949 3173 1000 3231 sub
1021 3173 1162 3231 Ambrosii
1187 3174 1299 3230 nomine
1317 3175 1501 3247 protulerunt.
1517 3174 1658 3242 Rabanus,
1675 3175 1756 3233 llinc·

108 3281 171 3338 mari
187 3279 376 3355 synchronus,
391 3277 420 3333 in
433 3274 617 3349 Expositione
632 3271 811 3330 Paulinarum
826 3265 1005 3340 epistolarum
1020 3280 1056 3320 ex
1069 3263 1197 3320 Patribus
1212 3263 1328 3321 collecta
1347 3264 1482 3337 plurimos
1499 3265 1574 3320 locos
1590 3265 1620 3322 in
1634 3266 1757 3338 quinque

109 3370 206 3443 priores
220 3369 352 3442 epistolas
365 3367 478 3424 adducit
493 3373 623 3438 tanquam
638 3377 703 3418 vere
722 3357 931 3424 Ambrosianos,
946 3355 995 3428 qui
1010 3371 1040 3410 ra
1063 3370 1127 3410 vera
1147 3361 1257 3411 exstem
1282 3353 1311 3409 iu
1336 3353 1380 3410 his
1407 3353 1508 3411 nostris
1532 3353 1755 3413 Commentariis.

109 3460 166 3518 lnde
180 3475 292 3534 quoque
307 3456 443 3514 nonnulla
455 3455 483 3512 in
495 3453 619 3527 priorum
643 3449 766 3523 ejusdem
785 3446 864 3504 Pauli
878 3443 1056 3517 epistolarum
1079 3443 1293 3517 explicationem
1308 3443 1450 3500 transtulit
1462 3441 1600 3512 sedulius,
1615 3443 1756 3501 Ambrosii

109 3549 214 3606 nomine
230 3547 315 3606 semel
330 3545 459 3618 ascripto.
476 3541 646 3600 Lanfrancus
661 3539 744 3596 etiam
758 3537 787 3592 in
806 3551 856 3592 sua
868 3534 1070 3608 Compilatione
1083 3543 1179 3592 sancto
1193 3534 1301 3592 doctori
1316 3533 1444 3591 attribuit
1463 3549 1494 3589 aa
1508 3533 1673 3606 fragmenta,
1695 3550 1756 3608 quaa

109 3654 137 3694 ex
151 3639 201 3696 hoc
214 3639 305 3712 Opere
322 3641 462 3693 mutuatus
477 3640 528 3691 est.
545 3632 670 3704 Denique
684 3628 738 3685 boc
752 3627 827 3700 Opus
840 3642 890 3698 pro
905 3625 1089 3683 Ambrosianc
1112 3624 1264 3681 admissum
1286 3623 1342 3680 luit
1354 3639 1370 3678 a
1384 3623 1526 3692 Gratiano,
1542 3623 1573 3680 P.
1587 3623 1754 3694 lombardo,

108 3727 184 3784 leone
194 3723 373 3794 Camutensi,
384 3724 501 3797 aliisque
516 3718 680 3779 innumeris.
692 3716 893 3775 Verumtamen
905 3731 968 3773 cum
984 3721 1041 3770 tam
1051 3713 1217 3771 universalis
1231 3714 1326 3787 opinio
1340 3713 1466 3781 Erasmo,
1477 3712 1623 3782 Turriano,
1638 3713 1756 3787 aliisque

110 3833 158 3876 non
171 3834 259 3893 usqne
273 3816 342 3874 adeo
358 3823 434 3872 certa
446 3814 507 3870 visa
521 3820 602 3882 esset,
617 3810 695 3866 illam
710 3806 840 3877 deinceps
857 3820 887 3860 re
901 3802 1022 3877 penitius
1041 3804 1209 3873 examinata,
1231 3818 1289 3860 uno
1309 3801 1415 3860 calculo
1439 3817 1535 3859 omnes
1558 3802 1753 3876 proscripsere.

139 3908 323 3976 Quamobrem
338 3912 429 3980 actum
446 3919 524 3978 agere
536 3900 618 3960 nobis
637 3897 805 3963 videremur,
820 3893 843 3949 si
868 3893 977 3966 longius
1002 3891 1032 3948 in
1055 3892 1197 3966 probanda
1215 3909 1245 3949 re
1265 3909 1329 3951 sane
1348 3909 1430 3968 quam
1451 3893 1673 3967 exploratissima
1696 3893 1755 3950 im-

110 4013 282 4056 moraremur.
299 3996 361 4054 Nou
375 3993 520 4051 silebimus
534 3999 627 4048 mmen
641 3986 745 4060 stylum
761 3981 859 4057 Operis
881 3987 1024 4052 tantopere
1043 3978 1192 4036 abhorrere
1213 3978 1248 4036 ab
1267 3980 1463 4051 Ambrosiano,
1488 3988 1521 4037 ut
1542 3981 1623 4053 plane
1649 3980 1752 4037 mirum

112 4087 142 4141 sit
157 4095 209 4146 tam
225 4087 305 4146 tarde
320 4085 518 4160 deprehensam
533 4097 590 4139 essa
603 4079 681 4136 illam
696 4073 897 4132 diversitatem.
924 4069 977 4126 Sed
1001 4083 1052 4124 nec
1074 4069 1165 4126 levius
1188 4070 1261 4127 inter
1287 4070 1432 4145 utriusque
1457 4071 1578 4128 auctoris
1596 4069 1752 4128 doctrinam

111 4173 245 4233 dissidium
272 4180 333 4242 est;
358 4173 459 4247 qnippe
480 4172 510 4228 in
532 4166 737 4227 Ambrosiastro
752 4179 808 4220 non
822 4161 913 4218 solum
928 4167 1077 4216 occurrunt
1094 4158 1219 4233 quaedam
1235 4159 1336 4234 placita
1350 4161 1578 4230 extraordinaris,
1594 4170 1622 4219 ct
1645 4177 1661 4218 a
1679 4162 1753 4219 veris

112 4265 239 4324 Ambrosii
254 4262 436 4338 opinionibus
451 4262 570 4318 immane
595 4264 728 4333 quantum
752 4248 955 4323 discrepantia3
981 4264 1078 4305 verum
1100 4249 1183 4306 etiam
1207 4249 1237 4304 in
1261 4249 1417 4306 asserendis
1435 4248 1611 4322 dogmatibus
1631 4250 1753 4307 maxime

110 4354 244 4414 catholicis
259 4355 335 4413 inter
346 4360 496 4426 utrumque
510 4365 568 4408 non
581 4347 648 4406 satis
660 4343 801 4414 convenit,
826 4349 853 4400 et
879 4341 913 4398 iis
941 4340 1099 4398 refellendis
1129 4358 1189 4416 qua
1217 4340 1314 4398 Ariani
1337 4339 1457 4415 objicere
1481 4341 1616 4412 solebant,
1643 4342 1678 4399 ab
1702 4343 1753 4400 illo

108 4443 269 4502 adhibentur
297 4459 330 4501 ea
356 4457 496 4514 responsa,
521 4438 623 4514 quibus
647 4433 789 4509 neglectis,
813 4430 928 4488 omnino
950 4428 1061 4487 diversa
1083 4429 1213 4503 proponit
1234 4438 1345 4488 sanctus
1368 4429 1476 4490 doctor.
1502 4430 1546 4490 Ad
1570 4431 1629 4489 haec
1651 4431 1752 4490 inutile

108 4531 185 4590 luerit
197 4533 238 4603 id,
252 4531 328 4606 quod
343 4530 449 4588 nemini
464 4545 519 4587 oon
535 4537 575 4586 est
589 4525 715 4593 obvium,
733 4520 888 4586 observare,
902 4519 1036 4576 nimirum
1051 4518 1081 4574 in
1091 4534 1178 4592 graeca
1188 4519 1284 4593 lingua
1297 4535 1410 4593 prorsus
1425 4520 1602 4594 peregrinum
1612 4519 1752 4580 exstitisse

108 4620 180 4678 illum
195 4623 372 4694 scriptorem.
388 4617 462 4688 Quid
481 4617 584 4676 verosi
604 4612 804 4688 subjungamus
821 4623 877 4666 nou
900 4615 983 4665 tanta
1002 4609 1206 4682 perspicuitatis
1227 4627 1295 4680 esse,
1317 4627 1384 4669 uum
1400 4611 1522 4670 'omnino
1548 4611 1753 4670 commentaria

109 4709 134 4765 in
147 4711 261 4768 Padlnm
277 4709 376 4767 iecerit
389 4706 573 4766 Ambrosius?
596 4706 700 4763 Verum
723 4709 755 4758 ut
778 4700 898 4758 maxime
918 4699 1079 4774 hujusmodi
1098 4702 1300 4774 expositionem
1319 4704 1364 4760 vir
1381 4711 1492 4761 sanctim
1510 4703 1639 4774 ediderit,
1654 4705 1751 4764 saltem

106 4799 247 4856 mnodum
265 4797 398 4856 credibile
412 4806 454 4854 est
465 4813 524 4854 eam
540 4793 696 4854 cassiodori
710 4789 881 4865 temporibus
891 4788 948 4861 iam
966 4789 1098 4862 periisse;
1123 4791 1177 4848 hoc
1201 4793 1275 4850 enirn
1301 4792 1403 4866 conjici
1425 4801 1515 4866 potest
1538 4809 1553 4851 e
1574 4795 1753 4868 sequentibus

106 4885 220 4958 ejusdem
236 4885 331 4944 verbis
350 4901 356 4940 :
386 4885 494 4943 Dicitur
511 4885 602 4954 etiam,
617 4882 720 4956 inquit,
735 4881 837 4937 beatum
855 4879 1026 4936 Ambrosium
1041 4881 1210 4939 immotam
1223 4883 1335 4940 codicem
1350 4884 1523 4957 epistolarem
1537 4885 1655 4940 omoiem
1667 4885 1753 4942 suncti

105 4976 181 5034 Pocli
193 4977 344 5050 reliquisse,
359 4976 517 5033 amassiae
529 4973 693 5048 expositione
704 4972 869 5045 completam,
884 4986 960 5042 quein
975 4977 1061 5027 mineo
1074 4971 1161 5028 adhue
1174 4971 1294 5030 iooeoire
1308 4989 1362 5028 noo
1372 4973 1459 5046 potui,
1475 4979 1528 5030 ete.
1546 4973 1609 5046 (lib.
1624 4973 1664 5030 De
1686 4974 1749 5032 icet.

104 5063 182 5122 dirim
200 5065 280 5123 litter.
296 5081 357 5138 cap.
373 5059 414 5137 8).

29 5205 30 5218 ,
136 5158 165 5214 lo
179 5173 289 5233 ecergc
302 5165 361 5214 tota
375 5155 524 5213 difficultas
545 5164 595 5225 est,
608 5163 733 5212 utrarus
750 5169 847 5226 parens
866 5150 950 5224 hujus
976 5152 1068 5227 operis
1091 5152 1283 5227 investigetur.
1309 5153 1417 5212 Placuit
1449 5155 1595 5214 nonnullis
1612 5155 1751 5229 compila-
1848 5190 1854 5202 ι

104 5249 186 5302 torem
201 5243 288 5304 luisse
299 5245 380 5302 illum
395 5245 454 5321 qui,
469 5243 562 5302 scissis
576 5259 610 5300 ex
632 5243 831 5318 chrysostomo
849 5251 877 5302 et
902 5241 1074 5317 Hieronymo
1093 5243 1213 5315 laciniis,
1229 5252 1374 5304 centonem
1389 5243 1455 5302 inde
1468 5246 1629 5305 contecerit.
1645 5245 1751 5303 Volunt

104 5333 146 5390 alii
174 5337 304 5410 prologos
325 5335 443 5410 singulis
463 5333 683 5408 expositionibus
704 5333 832 5408 prelixos
860 5333 947 5406 inepti
973 5333 1204 5392 consarcinatoris
1227 5351 1295 5405 esse,
1320 5334 1495 5408 potissimum
1520 5353 1554 5393 ex
1579 5336 1749 5406 Hieronymo

104 5421 217 5483 frustula
238 5426 326 5484 multa
349 5423 487 5482 suffurati.
512 5425 642 5481 Attamen
664 5423 694 5481 in
720 5424 839 5498 Operum
862 5423 1021 5482 eorumdem
1045 5423 1159 5482 Parrum
1173 5425 1321 5484 collatione
1334 5423 1387 5482 hcc
1400 5439 1572 5500 nequaquam
1590 5420 1751 5494 deprehen·
1797 5463 1803 5474 .

104 5509 319 5574 alomeonem
338 5531 404 5573 vero
422 5513 489 5573 satis
507 5513 666 5590 frequenter
682 5511 929 5571 animadvertimus
950 5513 984 5570 ab
999 5514 1114 5571 illorum
1129 5513 1308 5588 opinionibus
1322 5514 1399 5572 bunc
1411 5514 1555 5580 dissidere,
1572 5509 1641 5568 alias
1654 5513 1762 5588 expli-‚

104 5603 222 5664 rationes
236 5605 343 5676 tilmre,
358 5605 499 5664 interdum
510 5621 567 5664 non
581 5604 677 5665 eodem
691 5602 784 5674 modo,
798 5619 852 5680 quo
866 5602 910 5661 illi
924 5603 1024 5674 solent,
1039 5605 1220 5678 apostolicum
1241 5613 1349 5663 textrnn
1363 5605 1461 5674 citare,
1481 5619 1514 5662 ac
1524 5599 1637 5660 tandem
1657 5603 1749 5664 sicubi

280 5707 402 5766 Peneos.
423 5705 512 5768 XVII.
1521 5753 1529 5765 .
1555 5699 1572 5758 ²
