4052 6192
303 311 357 370 ιιι
806 307 854 362 sn
873 301 1037 363 ornans
1057 299 1225 360 nusnosn
1243 297 1435 356 urrunnun.
1872 303 1912 362 ig

303 435 601 514 berengaudnmiuisse
610 434 900 508 appellatumlitenim
909 432 1058 506 bocipsnm
1069 447 1169 488 nomeu
1180 429 1358 488 incedicibns
1370 422 1799 495 omnibus,Gemeticensitantum
1809 441 1913 502 excepto,

303 538 352 588 aut
362 529 393 586 in
407 529 496 584 fronte
510 524 700 600 praescriptum
715 523 831 596 legitur;
852 530 900 579 ant
921 523 1017 578 saltem
1032 522 1061 577 in
1081 521 1268 588 conclusione,
1294 533 1355 590 quas
1384 517 1412 572 in
1427 512 1614 574 edictionibns
1634 515 1805 584 pretermissa
1824 527 1869 587 est,
1881 521 1915 576 bis

303 618 395 677 verbis
407 616 562 673 indicatur:
583 613 708 685 Quisquis
724 629 815 668 acmen
829 611 946 668 auctoris
959 611 1027 666 scire
1041 609 1185 676 desideras,
1217 609 1319 664 litteras
1341 605 1548 677 dispositionum
1562 604 1590 658 iu
1604 602 1730 672 capitibus
1748 621 1783 660 ιιι
1808 606 1915 664 Vbiorum

299 705 525 779 prietasattatde.
541 705 674 762 Numerus
687 709 803 774 quatuor
821 702 1019 773 vocaliumque
1028 700 1130 767 desum,
1145 697 1285 753 sidroecas
1297 697 1430 768 posueris,
1445 701 1483 750 est
1503 711 1601 750 ιιιιιιιι.
1617 692 1718 751 Verum
1733 695 1847 767 quoniam
1859 698 1916 755 iorte

303 796 419 854 obscma
432 802 460 850 et
473 791 645 866 aenigmatica
659 791 748 849 videri
760 799 874 864 possunt
884 789 944 848 haec
959 790 1017 863 ipsa
1034 787 1126 855 verba,
1139 803 1234 842 eorum
1249 784 1449 858 expositionem
1465 782 1494 838 iu
1510 781 1595 854 Regio
1604 798 1636 838 ac
1648 782 1764 852 sagiensi
1779 783 1917 843 codioeante

302 887 355 945 600
373 901 459 943 annos
471 892 498 941 et
509 883 603 941 eadem
619 899 702 940 manu
714 899 768 957 qua
783 883 897 955 ipsemet
913 878 1134 938 Commentarius
1146 875 1278 948 scriptam
1296 874 1343 931 hic
1356 871 1530 945 subjicimus.
1855 865 1860 872 “

338 975 442 1032 Auctor
471 971 553 1044 hujus
581 971 650 1039 libri
663 971 856 1044 Bereugaudus
878 969 1041 1042 appellatur,
1070 967 1093 1024 si
1118 965 1277 1038 diligenter,
1295 961 1433 1037 quomodo
1460 960 1659 1017 inveniendum
1676 975 1771 1016 nomen
1789 978 1860 1018 suum
1875 965 1918 1036 ipse

302 1064 408 1132 doceat,
419 1062 586 1120 attendatur.
602 1062 700 1118 Primus
715 1061 789 1117 enim
800 1061 898 1116 littera
915 1057 1127 1131 Expositionum
1139 1053 1168 1110 in
1184 1052 1320 1125 capitibus
1334 1059 1437 1124 septem
1448 1050 1607 1118 Vicianum,
1619 1065 1687 1124 quas
1709 1051 1837 1108 attendere
1847 1052 1917 1124 jubet,

302 1154 361 1212 isla
380 1163 455 1224 sunt,
471 1155 502 1212 B.
523 1155 555 1212 R.
576 1153 609 1210 N.
634 1153 667 1210 G.
682 1155 717 1210 V.
732 1155 766 1209 D.
780 1153 807 1210 S.
829 1151 951 1220 Quatuor
965 1156 1055 1205 autem
1075 1147 1176 1202 Grmcm
1199 1145 1320 1213 vocales,
1337 1161 1397 1218 qum
1411 1143 1455 1200 bis
1470 1142 1650 1217 adjungenda
1673 1150 1745 1212 sunt,
1764 1145 1920 1217 exprimentes

303 1259 449 1300 numerum
460 1259 557 1311 nnnxr,
573 1241 723 1297 istasunt:
739 1239 871 1306 Ebrevis,
887 1239 922 1305 53
938 1238 1003 1294 item
1015 1235 1038 1292 u
1048 1235 1151 1303 brevis,
1165 1234 1192 1300 d;
1208 1235 1242 1301 A,
1256 1235 1280 1301 l;
1294 1234 1365 1302 etO,
1376 1233 1422 1288 70.
1433 1232 1594 1303 tungeergo
1607 1229 1692 1287 simul
1703 1248 1847 1301 numerum,
1858 1250 1919 1306 quen
1959 1256 1961 1262 ·

302 1332 534 1408 singulavocales
548 1333 606 1389 ista
619 1331 772 1388 continent.
787 1337 814 1386 et
828 1327 942 1385 babebis
955 1326 1015 1382 sine
1038 1322 1124 1382 dnbio
1149 1320 1321 1388 axxx1,nisi
1351 1336 1428 1388 vero,
1458 1321 1491 1390 E,
1519 1328 1549 1376 ut
1575 1327 1758 1392 praenotatum
1771 1329 1818 1390 est,
1838 1322 1874 1378 bis
1886 1339 1922 1377 as-

302 1419 461 1493 sumpseris,
480 1419 509 1474 in
534 1417 597 1475 aliis
610 1418 725 1474 omnino
736 1415 855 1473 diversis
869 1413 1011 1472 vocalibus
1024 1426 1156 1468 numerus
1171 1409 1222 1466 iste
1243 1410 1297 1467 tibi
1317 1426 1374 1466 non
1389 1417 1525 1468 occurret.
1542 1409 1645 1467 Conier
1664 1411 1758 1483 itaque
1772 1409 1817 1467 bas
1829 1421 1922 1484 quatuor

302 1510 411 1567 vocales
426 1507 613 1581 superioribus
629 1514 733 1579 septem
756 1503 983 1568 consonantibus,
1008 1509 1035 1558 et
1059 1500 1180 1574 syllabas
1201 1516 1236 1556 ox
1261 1501 1305 1558 his
1329 1517 1464 1575 compone
1479 1502 1532 1560 hoc
1548 1501 1629 1559 modo
1653 1501 1841 1574 Baragaudos.
1855 1503 1923 1560 llabes

303 1601 388 1674 igitur
401 1599 596 1672 Bacisgaudos.
612 1597 665 1654 Sed
676 1595 837 1653 hacGraeca
851 1592 1010 1652 terminatio
1024 1601 1083 1650 est:
1107 1593 1204 1650 Latina
1230 1601 1322 1650 autem
1344 1594 1503 1650 terminatio
1523 1602 1586 1651 est:
1610 1592 1841 1650 BeReNGaVlloS.
1864 1593 1922 1660 Qum

302 1689 375 1747 onim
390 1688 463 1762 apud
477 1687 585 1744 Graecos
603 1687 633 1742 in
645 1703 684 1752 os,
704 1685 776 1757 apud
796 1683 908 1740 Latinos
922 1680 1085 1738 terminatur
1099 1681 1129 1737 in
1153 1699 1193 1750 us,
1213 1689 1245 1739 nt
1274 1684 1368 1739 Peleos
1382 1686 1488 1752 Petrus,
1505 1684 1606 1740 Paulos
1620 1684 1736 1741 Paulus.
1753 1681 1827 1750 Quod
1850 1683 1869 1738 si
1887 1699 1924 1738 or-

302 1777 394 1835 dinem
411 1775 603 1848 predictarum
618 1773 757 1830 vocalium
778 1772 808 1828 in
824 1771 993 1828 inveniendo
1008 1770 1061 1830 hoc
1085 1767 1197 1828 nomine
1212 1779 1307 1829 tenere
1336 1773 1476 1842 malueris,
1492 1779 1519 1829 et
1538 1773 1616 1844 prius
1639 1772 1771 1845 ponendo
1784 1776 1816 1840 A,
1840 1779 1925 1828 ceteras

302 1881 350 1938 per
364 1871 546 1923 consonantes
572 1863 612 1919 ita
630 1861 784 1935 disponere,
805 1868 836 1917 ut
859 1860 934 1918 dicas
947 1862 1143 1934 Rareugucdos,
1159 1878 1216 1920 non
1230 1861 1283 1920 tibi
1299 1863 1411 1936 quidem
1427 1863 1457 1918 in
1472 1862 1526 1920 hoc
1548 1864 1710 1936 praescripta
1726 1862 1853 1920 vocalium
1873 1861 1925 1918 ratio

301 1953 463 2011 adversatur
479 1969 485 2008 z
501 1952 548 2009 ssd
562 1951 712 2008 barbarum
733 1950 826 2019 nimis,
849 1957 877 2006 et
904 1950 1064 2016 omnimodo
1088 1950 1252 2008 inusitatum
1275 1951 1399 2008 hominis
1412 1969 1513 2010 nomen
1528 1952 1595 2011 inde
1617 1954 1764 2011 formatur.
1778 1952 1867 2009 blelius
1879 1969 1926 2024 erge

302 2050 353 2112 cst,
368 2043 492 2099 etmulto
507 2040 609 2100 rectius
621 2048 662 2110 ut,
677 2041 749 2098 sicut
763 2038 952 2113 praescriptum
965 2048 1015 2109 est,
1026 2041 1227 2111 berengaudus,
1242 2057 1298 2097 non
1313 2042 1514 2113 Bareuguedus,
1528 2049 1653 2112 vocetur,
1675 2042 1741 2116 quia
1759 2040 1809 2099 boc
1820 2041 1926 2098 usitatum

302 2137 329 2189 et
342 2131 429 2204 magis
439 2131 563 2205 elegans;
581 2129 651 2187 illud
665 2146 731 2186 vero
745 2137 773 2186 et
787 2128 949 2186 inusitatum
965 2137 991 2186 et
1006 2129 1121 2186 minime
1135 2130 1245 2202 elegans
1264 2129 1389 2187 hominis
1398 2146 1499 2188 nomen
1516 2131 1638 2190 videtur.

338 2221 398 2278 lam
411 2235 477 2278 varo
491 2221 514 2278 si
529 2220 592 2294 quis
608 2229 688 2277 aveat
713 2218 783 2276 scire
801 2217 940 2292 quodnam
958 2217 1043 2275 inerit
1067 2219 1188 2276 auctoris
1209 2218 1331 2291 ejusdcm
1349 2219 1515 2277 institutum
1530 2237 1562 2278 ac
1576 2221 1641 2278 vita
1652 2238 1751 2295 genus,
1766 2219 1864 2278 tametsi
1874 2217 1928 2274 nibil

301 2310 417 2367 omnino
431 2311 606 2384 exploratum
621 2308 655 2366 de
665 2309 719 2366 hoc
734 2315 871 2382 suppetat,
887 2324 950 2365 cnm
965 2315 1058 2364 umen
1074 2307 1252 2364 monasticam
1268 2307 1457 2365 benedictina
1476 2309 1591 2366 familia
1614 2309 1817 2368 institutionem
1831 2315 1928 2366 ιιιιιιιι

301 2415 360 2457 esse
377 2398 445 2457 bino
459 2397 632 2471 conjicimus,
648 2397 765 2472 quodde
780 2397 927 2471 vitiisque
942 2395 994 2454 sibi
1014 2396 1119 2452 aditum
1133 2395 1162 2452 in
1174 2397 1341 2454 monasteria
1355 2404 1414 2453 tum
1426 2397 1560 2472 temporis
1585 2399 1712 2457 iecerant
1730 2399 1816 2472 (capp.
1831 2397 1880 2454 bet
1894 2396 1928 2464 u)

302 2495 437 2564 unquam
451 2487 570 2546 ocuuris
585 2488 662 2544 testis
676 2487 794 2544 subinde
807 2485 923 2544 disserat
939 2484 1029 2560 (capp.
1056 2488 1090 2545 18
1103 2495 1130 2544 et
1144 2487 1201 2559 tt),
1217 2496 1245 2546 et
1261 2489 1335 2546 locos
1355 2490 1450 2561 plores
1478 2489 1579 2560 passim
1601 2487 1709 2548 inserat
1732 2507 1747 2546 e
1770 2488 1863 2561 Regula
1875 2485 1929 2541 beati

302 2576 449 2636 Benedicti
466 2576 631 2635 adverbum
655 2592 807 2647 expressos.
832 2575 898 2643 Qnae
924 2583 1016 2632 umen
1043 2575 1114 2632 ratio
1141 2577 1165 2634 si
1187 2595 1244 2635 non
1274 2578 1418 2651 probetur,
1434 2579 1527 2650 negari
1545 2579 1641 2636 saltem
1661 2579 1777 2638 minime
1790 2573 1929 2651 poteritoiri

302 2665 482 2722 ecclesiasticis
500 2665 606 2734 litteris,
617 2672 649 2721 ut
664 2663 764 2737 ltegius
777 2662 864 2720 codex
880 2664 908 2720 in
924 2663 983 2736 ipso
1002 2664 1091 2737 capite
1105 2667 1294 2739 praescriptum
1317 2665 1410 2735 habet,
1426 2666 1522 2738 optime
1544 2667 1642 2723 cruditi
1662 2667 1797 2740 hocopus
1811 2681 1870 2722 esse.
1883 2663 1928 2719 Non

302 2751 379 2809 aliud
391 2751 529 2825 judicium
542 2751 600 2826 jam
616 2753 682 2810 olim
695 2753 729 2810 ds
741 2752 790 2809 illo
805 2754 905 2810 tulerat
923 2752 1073 2826 Dionysius
1087 2754 1296 2826 Chartusianus,
1309 2761 1336 2811 et
1348 2755 1453 2813 recenti
1465 2756 1598 2812 memoria
1612 2755 1640 2813 id
1658 2758 1750 2828 ipsum
1764 2754 1843 2812 sensit
1851 2750 1929 2808 erudi-

302 2843 427 2900 tissimus
440 2859 472 2900 ιιι
485 2843 518 2900 de
532 2844 669 2902 catholica
683 2843 816 2916 religione
830 2843 934 2916 optime
958 2844 1073 2902 meritus
1095 2844 1231 2904 dominus
1244 2844 1385 2918 Benignus
1400 2843 1525 2915 Bossuot,
1540 2843 1728 2904 bleldensium
1749 2842 1852 2918 praesnl,
1869 2839 1931 2912 cuju

301 2930 432 3005 suffragio
448 2931 558 2991 hicnon
570 2932 696 2990 assentiri
711 2933 787 2990 naias
802 2933 940 2991 ducimus.

744 3437 752 3452 ,
809 3235 1439 3412 nnsosruro

427 3497 609 3585 SUPER
656 3499 872 3586 SEPTEM
919 3499 1182 3589 VISIONES
1232 3504 1382 3588 LlBRl
1432 3504 1834 3592 APOCALYPSIS.

491 3791 565 3851 499
583 3787 630 3844 Dll
649 3787 760 3848 PRIMA
775 3786 925 3846 VIleNE.
1115 3793 1141 3852 Α
1155 3807 1204 3864 per
1241 3791 1441 3850 revelationem
1456 3793 1567 3867 agnosci
1580 3802 1700 3869 queunt.
1728 3797 1765 3853 lit
1794 3789 1936 3867 siccitatib

340 3883 600 3941 Beatumloannem
622 3885 831 3959 (l)apostolum
860 3893 886 3943 et
905 3883 1101 3958 evangelistam
1155 3881 1259 3936 mittem
1274 3897 1324 3953 per
1339 3882 1639 3955 aegelsimsuumsarsa
1657 3903 1708 3942 suo
1723 3885 1832 3942 loanni.
1850 3884 1877 3938 ln
1899 3880 1938 3934 bec

305 3972 380 4030 hunc
394 3972 496 4030 librum
509 3974 696 4048 Apocalypsin
709 3973 828 4032 edidisse
838 3983 954 4044 constat;
971 3974 1101 4048 quamvis
1157 3968 1218 4024 loco
1232 3969 1295 4026 talis
1306 3967 1374 4026 mibi
1390 3987 1485 4028 sensus
1499 3987 1557 4030 esse
1569 3972 1704 4032 videtur:
1732 3975 1862 4032 Dominus
1878 3969 1938 4026 lesos

304 4062 462 4120 exstiterim
474 4063 572 4138 aliqui,
584 4064 632 4136 qui
645 4079 701 4122 non
723 4063 757 4120 ab
769 4079 811 4134 eo,
835 4063 882 4122 sed
905 4064 940 4121 ab
956 4064 1011 4121 alio
1025 4064 1102 4122 dixe·
1157 4060 1283 4132 angelum
1299 4077 1379 4117 suum
1395 4062 1482 4128 misit,
1499 4071 1584 4136 asper
1597 4065 1731 4122 eumdem
1745 4065 1938 4137 anselumsertt

304 4153 361 4210 rint
376 4151 460 4209 inisse
475 4153 658 4226 compositum
676 4171 682 4210 :
707 4152 754 4210 sed
779 4153 839 4226 ejus
861 4154 945 4210 luisse
959 4155 1105 4228 mouentia
1158 4165 1208 4205 suo
1221 4148 1319 4205 Ioanni
1333 4150 1531 4221 manifestavit,
1546 4170 1607 4227 qna
1622 4161 1736 4228 oportet
1751 4153 1808 4210 lieri
1823 4151 1882 4208 cito.

305 4242 490 4300 manifestant.
1195 4245 1285 4316 (Vers.
1306 4247 1346 4322 2.)
1370 4248 1422 4316 Qui
1437 4249 1612 4305 testimouium
1632 4251 1774 4322 perbibuit
1798 4247 1873 4307 Verbo
1892 4239 1938 4299 uei.

340 4330 454 4388 CAPUT
471 4329 618 4388 PRIMUM.
642 4361 678 4372 -
693 4330 784 4403 (Vers.
799 4331 839 4404 l.)
855 4332 1029 4405 Apocalypsis
1042 4332 1105 4388 lesu
1159 4335 1209 4392 llic
1223 4335 1299 4392 locus
1320 4345 1412 4410 aperte
1421 4335 1594 4395 demonstrat
1605 4355 1663 4395 non
1679 4338 1716 4394 ab
1725 4339 1782 4395 alio
1792 4326 1939 4399 loanne‚sed

307 4417 416 4486 Christi,
428 4435 508 4490 guam
524 4419 595 4474 dedit
607 4418 648 4475 illi
662 4420 745 4477 Deus.
765 4421 954 4495 Apocalypsis,
971 4421 1103 4478 revelatio
1157 4423 1191 4480 ab
1208 4423 1257 4479 illo
1272 4423 1319 4498 qui
1338 4425 1524 4499 Evangelium
1538 4425 1662 4499 scripsit,
1684 4427 1763 4485 hunc
1791 4425 1940 4481 iterumue

306 4507 350 4562 vel
361 4505 547 4562 manifestatio
558 4507 762 4580 interpretatur.
776 4509 855 4577 Quod
869 4510 1045 4568 revelationis
1055 4511 1102 4567 do·
1157 4513 1350 4584 compositum.
1366 4513 1417 4581 Qui
1433 4520 1460 4570 et
1476 4515 1504 4571 in
1525 4531 1604 4572 omns
1631 4531 1720 4589 supra
1735 4523 1831 4589 peetus
1849 4501 1939 4567 Domini

306 4609 373 4650 num
387 4600 415 4650 et
428 4593 507 4649 Pater
514 4593 586 4649 Filio
594 4593 841 4663 dedit,secundum
856 4597 930 4670 qnod
941 4597 1024 4655 bomo
1037 4607 1094 4655 erat
1159 4601 1248 4673 (toan.
1272 4619 1335 4670 ιιιιι,
1361 4602 1417 4674 25),
1441 4602 1470 4658 in
1498 4619 1553 4677 quo
1568 4611 1647 4659 erant
1664 4621 1766 4661 omnes
1779 4597 1892 4660 thesauri
1905 4609 1941 4650 sa-

306 4688 334 4738 et
348 4682 405 4755 ipse
418 4681 492 4738 filins
512 4681 688 4755 sibimetipsi,
704 4685 837 4743 divinitas
865 4687 974 4744 scilicet
989 4686 1102 4745 homini
1157 4690 1267 4764 pientia
1280 4699 1307 4748 et
1319 4692 1440 4750 scientia
1451 4693 1609 4751 absconditi
1628 4693 1751 4765 (Cotoss.
1770 4711 1791 4749 ιι
1820 4692 1859 4762 bl,
1881 4699 1940 4742 rau·

307 4787 388 4846 quem
402 4773 560 4846 assumpsit.
572 4775 668 4830 Palam
682 4776 769 4846 socae
782 4777 865 4832 servis
879 4779 934 4833 suis
947 4795 1006 4848 qua
1016 4796 1103 4851 opor·
1157 4779 1228 4846 buit,
1253 4778 1287 4835 de
1304 4796 1360 4852 quo
1375 4781 1540 4838 immensum
1556 4781 1665 4838 iontem
1689 4781 1832 4856 sapientia
1851 4771 1942 4833 haurire

308 4867 342 4916 tet
353 4861 412 4932 ficri
426 4863 486 4918 cito.
503 4862 571 4920 Cum
583 4862 709 4922 bicliber
723 4882 779 4923 non
794 4867 883 4924 solnm
899 4868 1061 4937 futura,sed
1073 4877 1100 4926 et
1158 4867 1268 4924 meruit.
1297 4868 1439 4926 Perbibuit
1465 4887 1530 4943 ergo
1553 4871 1753 4928 testimonium
1779 4870 1864 4927 Verbo
1894 4859 1941 4924 Dei,

307 4949 452 5020 prasentia
476 4957 503 5007 et
519 4953 656 5024 preterita
677 4961 779 5024 narret,
797 4971 846 5012 cur
869 4955 915 5013 hic
936 4957 1102 5014 solaiutnra
1157 4954 1267 5027 quando
1295 4956 1390 5014 dixit:
1426 4980 1436 5004 ι
1467 4957 1498 5014 ln
1525 4958 1667 5031 principio
1691 4968 1753 5017 erat
1775 4956 1900 5018 versuo,
1923 4951 1943 5002 0²

308 5038 457 5094 Dominum
473 5047 597 5096 nostrum
612 5042 703 5098 lesum
716 5041 855 5100 Christum
870 5045 956 5102 servis
970 5045 1027 5100 suis
1040 5063 1103 5102 ma·
1157 5043 1279 5102 Verbum
1321 5053 1380 5102 erat
1404 5047 1477 5120 apud
1517 5048 1616 5116 Deum,
1646 5055 1676 5105 et
1705 5049 1782 5104 Dens
1813 5051 1867 5101 erat
1892 5039 1942 5094 l'tt·

308 5126 910 5204 niiestaredixitillniavidelicetpraseutia
924 5133 996 5202 visu,
1008 5142 1103 5207 prate·
1117 5161 1141 5222 Β
1156 5132 1222 5190 bum
1239 5135 1329 5206 (teau.
1346 5153 1366 5204 1,
1395 5137 1433 5208 ll.
1455 5160 1465 5185 ι
1493 5134 1545 5192 Sed
1571 5143 1598 5192 et
1616 5135 1646 5191 in
1673 5136 1730 5194 boc
1742 5133 1816 5209 qnod
1829 5128 1942 5204 equitur,

282 5251 291 5263 κ
308 5216 362 5273 rita
379 5216 476 5274 auditu
499 5217 581 5276 facile
594 5222 1029 5294 cognoscamurmmuraamsm,
1046 5239 1102 5280 non
1156 5223 1272 5296 questio
1297 5225 1404 5280 oritur:
1436 5224 1474 5280 lit
1501 5223 1677 5280 testimouium
1692 5225 1759 5281 lesu
1782 5219 1877 5280 Gbristi
1888 5227 1943 5286 oto·

309 5305 363 5363 nisi
374 5313 422 5363 aut
431 5323 479 5380 per
488 5307 643 5366 dor-trinam
656 5310 813 5369 divinarum
827 5311 1042 5384 scripturarum,
1056 5320 1104 5370 aut
1157 5330 1257 5385 cunque
1270 5314 1345 5371 sidit.
1361 5313 1505 5383 Quomodo
1526 5331 1590 5387 ergo
1604 5313 1802 5372 testimonium
1825 5299 1944 5385 perbibuit

345 5447 387 5519 (i)
404 5450 516 5506 Beatum
530 5452 657 5533 tuoruum
677 5469 763 5526 usqne
784 5454 818 5510 ad
831 5455 973 5525 sequeutia
987 5455 1106 5583 mouile-
1159 5457 1268 5514 riatur:
1290 5458 1336 5516 cui
1353 5460 1436 5516 etiam
1458 5459 1489 5516 in
1503 5457 1564 5516 cod.
1581 5457 1660 5516 Gem.
1687 5459 1889 5533 praemittuntm
1900 5447 1944 5503 dut

310 5523 392 5587 stant,
423 5522 500 5577 llam.
515 5521 583 5602 edit.
597 5523 782 5605 jugulaverat,
793 5532 965 5606 cuns'tamen
984 5527 1037 5584 boc
1067 5543 1105 5583 ra·
1160 5529 1242 5602 primi
1272 5545 1368 5587 versus
1394 5529 1516 5604 ejusdem
1552 5528 1614 5587 libri
1640 5522 1942 5606 Apocalypsisinbtl·

311 5599 451 5658 gmentum
466 5600 494 5648 et
514 5609 542 5649 ιιι
560 5593 626 5650 edit.
651 5594 718 5650 Gill.
747 5603 774 5651 et
797 5595 926 5654 omnibus
951 5615 1015 5656 mss.
1033 5615 1107 5673 repe·
1160 5607 1251 5657 autem
1267 5602 1372 5674 primns
1387 5618 1492 5660 versus.
