4122 6192
125 290 175 348 ns
679 285 861 345 1011111111.
881 285 916 342 nv
934 283 1044 342 srrsr.
1065 285 1113 343 no
1132 285 1215 344 nou.
1727 287 1779 348 111
1837 259 1839 266 ’

121 411 273 472 Christiani
295 409 439 481 dicuntur,
462 419 490 468 et
512 409 636 483 sublege
649 409 748 467 volunt
761 409 864 484 vigere,
893 417 924 467 ut
938 412 964 471 Α
978 408 1098 465 ostendit
1129 409 1203 466 enim
1226 417 1253 466 et
1268 427 1328 484 qne
1356 409 1478 469 latebant
1509 419 1630 485 peccata,
1659 417 1687 470 et
1712 412 1779 486 quia

122 502 257 560 discentes
271 502 396 559 carnales
409 517 438 558 se
463 516 531 569 esse,
558 498 686 556 recedant
714 515 729 555 a
752 500 820 572 lege.
847 499 924 557 Vitia
977 499 1089 570 impune
1108 499 1201 556 lutura
1215 516 1271 556 non
1294 507 1386 558 essent
1401 501 1474 575 apud
1496 502 1594 560 Deum.
1616 501 1677 570 Quo
1695 517 1776 559 com-

121 599 213 650 tamen
241 601 418 666 peccatorum
437 606 497 664 quae
520 587 658 646 dominari
673 589 702 644 in
717 604 798 645 carne
811 589 923 663 agenti·
974 594 1061 660 perto,
1088 587 1171 645 homo
1195 589 1283 646 lactus
1303 597 1344 646 est
1368 607 1441 659 reus,
1466 599 1493 648 et
1512 591 1574 648 ideo
1595 608 1651 648 non
1665 592 1776 650 videtur

120 684 172 742 bus
200 683 282 753 dicit,
299 700 349 756 per
374 684 462 757 legem
478 680 598 750 ostendi,
613 697 669 736 non
684 696 733 752 per
751 680 837 754 legem
862 679 921 737 lieri
976 678 1076 749 gratias
1092 693 1170 750 agere
1191 679 1336 752 legionis
1358 680 1431 736 euim
1447 681 1565 739 libenter
1589 683 1775 756 babeateum,

119 773 308 840 demonstran
327 772 409 830 iudex
437 771 512 828 enim
526 768 690 843 peccatilex
703 775 754 839 est,
767 784 823 826 non
842 768 923 841 geni·
975 767 1023 838 qui
1039 767 1092 823 sibi
1111 783 1219 840 poenam
1243 767 1389 825 imminere
1403 771 1575 829 annuntiati
1590 773 1656 844 Legi
1683 778 1774 829 autem

119 861 191 928 trix,
206 877 268 919 reos
281 861 387 920 iaciens
402 868 570 934 peccatores.
975 852 1040 910 fidei
1061 856 1161 929 gratias
1177 857 1243 927 agit,
1264 857 1329 930 quia
1349 859 1396 930 qui
1417 874 1467 930 per
1492 860 1578 932 legem
1607 861 1697 933 Moysi
1712 875 1775 918 reus

157 950 250 1023 (uera.
272 951 313 1024 6.)
351 951 460 1008 «Nunc
482 956 572 1006 autem
588 946 673 1004 soluti
699 961 834 1002 eumuna
864 947 922 1019 lege
975 943 1063 1000 lactus
1079 951 1131 1013 est,
1155 961 1203 1017 per
1228 946 1315 1016 legem
1343 945 1407 1001 fidei
1421 948 1615 1024 reconciliatus
1629 957 1671 1005 est
1695 950 1772 1007 Deo:

120 1041 231 1108 mortis,
249 1041 280 1096 in
295 1057 352 1114 qua
365 1039 563 1096 detinebamur.
579 1063 589 1087 ι
611 1037 701 1095 Soluti
715 1051 809 1094 sumus
823 1051 839 1091 a
852 1036 920 1108 lege,
973 1034 1100 1107 quamvis
1114 1041 1142 1088 et
1163 1033 1211 1089 illa
1222 1031 1296 1105 justa
1311 1042 1339 1090 et
1352 1033 1425 1090 bona
1439 1036 1493 1103 sit;
1509 1036 1653 1093 ostendere
1667 1037 1772 1094 etenim

119 1128 189 1186 dum
205 1128 397 1188 remissionem
413 1137 584 1202 peccatomm
596 1129 752 1200 accepimus
766 1125 920 1195 ;nonenim
974 1121 1124 1178 imminens
1149 1123 1314 1194 periculum,
1340 1122 1445 1180 bonum
1460 1132 1510 1181 est.
1529 1125 1582 1181 Sed
1596 1125 1663 1182 huic
1686 1126 1772 1200 magis

117 1215 178 1288 jam
207 1216 292 1274 babet
317 1217 346 1273 in
380 1233 430 1274 nos
456 1222 629 1289 potestatem,
664 1215 759 1272 inlidis
792 1216 866 1271 enim
894 1222 922 1271 et
976 1212 1076 1286 gratias
1091 1211 1158 1284 agit,
1173 1227 1315 1286 perquem
1330 1221 1439 1284 ereptus
1455 1212 1488 1271 de
1503 1212 1625 1287 periculo
1640 1214 1722 1270 vivit.

119 1306 313 1378 peccatoribus
343 1305 513 1363 dominatur.
541 1306 598 1362 Lex
624 1311 715 1362 autem
744 1306 841 1362 mortis
857 1305 920 1363 ideo
1015 1305 1063 1362 65
1097 1302 1241 1358 «1111111
1267 1301 1519 1373 concupiscentiam
1534 1301 1701 1371 nesciebam,
1717 1303 1771 1361 nisi

119 1393 196 1452 dicta
214 1403 266 1464 est,
281 1395 438 1470 quiepuuit
452 1411 531 1465 reos;
547 1394 696 1452 mortificat
713 1404 804 1452 autem
818 1411 919 1467 pecca·
974 1397 1021 1452 lex
1035 1396 1138 1454 diceret
1153 1421 1161 1444 ι
1188 1397 1217 1452 in
1231 1397 1346 1454 Exodo:
1376 1399 1460 1455 «Non
1475 1397 1652 1470 concupisces
1668 1399 1771 1472 (Ecod.

118 1489 209 1540 tores:
224 1500 281 1542 uon
295 1484 444 1559 ergomala
457 1493 509 1554 est,
533 1484 582 1542 sed
596 1483 681 1558 justa.
699 1483 831 1552 Quamvis
844 1485 919 1542 enim
974 1503 1002 1554 11,
1028 1486 1110 1558 ill.»
1141 1487 1201 1542 Non
1229 1485 1361 1543 discrevit
1387 1486 1639 1559 concupiscentiam
1661 1485 1734 1544 hanc
1756 1505 1772 1544 a

120 1573 225 1629 melum
252 1573 289 1630 sit
310 1573 493 1647 patientibus,
522 1573 596 1648 quod
617 1573 736 1630 infertur
759 1573 856 1646 alege,
871 1573 920 1632 sed
973 1582 1095 1647 peccato,
1119 1574 1167 1631 sed
1194 1575 1317 1641 miscuit,
1344 1575 1398 1632 boc
1422 1575 1590 1647 significans,
1618 1575 1684 1649 quia
1705 1592 1770 1633 cum

119 1661 168 1718 illa
181 1677 239 1719 non
267 1669 308 1718 est
321 1664 406 1729 mala,
432 1663 499 1737 quia
522 1660 596 1735 juste
611 1663 696 1719 infert
722 1662 802 1719 iram.
826 1665 920 1736 ltaque
973 1679 1025 1721 uec
1049 1663 1170 1736 suspicio
1198 1663 1309 1737 quidem
1324 1671 1394 1720 esset
1409 1663 1484 1722 istud
1509 1681 1565 1720 non
1592 1664 1674 1722 licere
1697 1665 1770 1738 apud

118 1765 175 1808 non
199 1752 274 1809 mala
285 1761 327 1809 est
352 1752 554 1825 pescatoribus,
576 1751 624 1810 sed
635 1751 720 1824 justa,
744 1752 825 1809 bonis
852 1769 918 1810 vero
932 1776 956 1837 Β
972 1756 1071 1822 Deum,
1084 1753 1211 1828 cognovi,
1242 1754 1343 1826 inquit,
1369 1769 1427 1810 esse
1452 1760 1607 1826 peccatum.
1634 1753 1692 1810 Sub
1719 1769 1770 1811 sua

117 1839 256 1912 spiritalis
269 1848 318 1898 est.
334 1841 400 1910 Quis
415 1841 502 1898 'enim
517 1842 626 1900 dubitet
639 1843 762 1916 spiritale
777 1860 834 1901 esse
848 1859 919 1917 pro·
972 1859 1087 1916 persona
1110 1843 1188 1917 quasi
1201 1843 1355 1917 generalem
1377 1841 1434 1916 agit
1457 1859 1578 1900 causam.
1594 1843 1654 1899 Lex
1677 1842 1770 1917 itaque

118 1927 220 1986 bibere
246 1931 377 2002 peccare?
407 1930 461 1988 Sed
489 1931 554 2005 quia
581 1931 635 1989 boc
668 1949 723 1989 non
747 1934 847 2006 potuit,
887 1944 919 1993 ut
973 1930 1225 2004 concupiscentiam
1257 1932 1397 2004 probibet,
1427 1947 1488 2004 quae
1525 1938 1670 2005 propterea
1695 1931 1771 2005 quod

116 2019 241 2076 salvaret
269 2018 408 2078 bominem
437 2021 604 2079 remittendo
631 2031 752 2096 peccata,
779 2025 825 2081 lex
852 2023 917 2080 fidei
973 2020 1173 2078 oblectamento
1200 2027 1250 2090 est,
1273 2036 1329 2077 non
1356 2020 1504 2094 putabatur
1528 2036 1586 2076 esse
1614 2029 1769 2093 peccatum.

116 2106 181 2164 data
203 2115 254 2177 est,
271 2124 331 2182 quae
357 2108 500 2167 credentes
513 2111 643 2168 liberaret
665 2112 820 2170 adominie
839 2114 917 2187 legis,
973 2111 1097 2184 Simplex
1121 2111 1195 2167 enim
1215 2111 1361 2168 videbatur
1380 2128 1471 2182 causa,
1494 2111 1689 2184 concupiscere
1711 2112 1769 2168 ali-

116 2202 147 2253 ut
161 2205 275 2268 possent
301 2213 428 2270 reparare
442 2215 471 2256 se
495 2199 643 2268 advitam,
667 2215 735 2274 quos
749 2202 795 2259 lex
808 2202 919 2263 tenebat
972 2201 1040 2275 quid
1054 2201 1185 2274 proximi,
1201 2202 1254 2260 boc
1277 2209 1369 2259 autem
1384 2202 1430 2258 lex
1452 2201 1576 2275 prodidit
1590 2217 1647 2258 esse
1668 2218 1770 2274 pecca-

114 2301 177 2342 reos
196 2286 232 2342 ad
258 2295 386 2345 mortem.
401 2289 471 2362 lpsis
486 2291 559 2347 enim
575 2290 621 2348 lex
637 2293 736 2350 mortis
750 2301 802 2362 est,
817 2295 918 2369 quibus
973 2299 1051 2348 tum:
1079 2292 1257 2350 secularibus
1282 2307 1400 2366 namque
1431 2290 1592 2348 bominibus
1617 2290 1689 2348 nihil
1713 2301 1771 2348 tam

114 2371 186 2430 111111
206 2384 337 2448 operatur
352 2393 435 2435 cause
447 2379 561 2452 peccati.
973 2381 1094 2439 inultum
1107 2382 1169 2455 (67)
1187 2381 1298 2439 videtur
1320 2391 1346 2439 et
1360 2381 1510 2453 placidum,
1525 2397 1608 2455 quam
1632 2381 1770 2454 voluptas.

159 2463 230 2520 «lta
243 2472 275 2521 ut
296 2466 451 2524 serviamus
472 2467 502 2525 in
516 2469 642 2526 novitate
663 2469 788 2544 spiritus,
808 2479 836 2528 et
862 2487 918 2530 non
1010 2473 1101 2547 (Vere.
1124 2473 1165 2546 8.)
1200 2472 1376 2530 «Occasione
1397 2489 1462 2546 ergo
1483 2479 1603 2544 accepta,
1628 2479 1769 2545 peccatum

115 2554 146 2610 in
168 2562 306 2612 vetustate
329 2557 469 2615 litterae·
499 2559 552 2618 llic
565 2560 653 2635 legem
669 2567 780 2632 tangere
795 2569 917 2636 putatur,
973 2577 1023 2634 per
1044 2562 1204 2620 mandatum
1219 2569 1361 2634 operatum
1375 2569 1416 2618 est
1434 2561 1464 2616 in
1479 2575 1523 2616 me
1533 2575 1644 2616 omnem
1663 2574 1771 2616 concu-

115 2659 200 2718 quam
215 2645 328 2718 quidem
342 2646 378 2703 ad
387 2647 621 2721 comparationem
636 2650 704 2724 legis
717 2648 782 2707 fidei
798 2650 918 2709 iuferio-
973 2652 1145 2725 piscentiam.
1162 2679 1171 2699 »
1193 2652 1310 2708 Omnem
1324 2651 1419 2707 diceus
1428 2648 1690 2722 concupiscentiam,
1703 2665 1770 2705 cun-

115 2751 174 2791 rem
191 2734 271 2804 iacit,
291 2744 458 2794 nontamen
475 2738 621 2796 inimicam
642 2727 758 2814 judicat.
773 2741 840 2799 Nam
856 2741 918 2800 ideo
972 2749 1016 2798 cta
1030 2749 1139 2813 peccata
1153 2740 1299 2814 significat.
1314 2739 1401 2811 Supra
1415 2737 1490 2793 enim
1512 2737 1768 2808 concupiscentiam

114 2821 186 2880 dicit
206 2839 258 2880 nos
273 2832 405 2882 erutosa
437 2828 495 2902 lege
518 2829 628 2898 mortis,
643 2838 675 2886 ut
697 2829 849 2889 serviamus
864 2832 918 2906 legi
969 2829 1050 2902 juxta
1065 2831 1150 2902 legem
1165 2825 1768 2897 1111111111,111111111111111111111111111,

115 2909 192 2981 iidei,
209 2929 271 2986 quae
287 2913 370 2970 nobie
392 2915 552 2987 praesidium
566 2918 686 2974 contulit
698 2919 828 2990 salutare,
844 2922 918 2996 quod
971 2935 1081 2977 omnem
1096 2920 1170 2977 dixit
1189 2918 1441 2992 concupiscentiam
1455 2925 1595 2989 operatam
1612 2916 1640 2972 in
1655 2915 1770 2973 bomine

115 3009 200 3060 vetus
218 3003 265 3061 lex
276 3021 332 3061 uon
347 3006 456 3079 potuit:
472 3023 507 3063 ne
521 3008 616 3080 gratiae
630 3007 795 3066 beneficium
810 3011 918 3069 inanire
972 3009 1095 3084 impulsu
1110 3009 1225 3077 diaboli,
1240 3025 1321 3082 quem
1344 3009 1372 3064 in
1387 3013 1499 3080 peccato
1513 3003 1669 3078 significan
1694 3003 1770 3062 utin

113 3091 277 3162 videamur,
301 3093 353 3167 legi
375 3096 462 3153 veteri
485 3096 645 3154 servientes.
674 3099 731 3155 Lex
755 3109 834 3158 vetus
861 3117 918 3158 nou
934 3121 956 3182 c
973 3101 1142 3160 contrarium
1171 3101 1249 3156 lieret
1275 3097 1382 3154 homini
1406 3096 1462 3165 lex,
1484 3111 1545 3169 quse
1572 3093 1637 3149 data
1651 3101 1720 3162 erat,
1739 3099 1772 3149 ut

114 3180 253 3238 criminis
275 3181 370 3256 utique
388 3200 489 3242 nomen
502 3195 553 3255 est,
569 3186 616 3242 sed
638 3189 771 3260 temperis
785 3188 829 3244 vel
848 3198 919 3246 111-
974 3189 1124 3263 prodesset.
1138 3188 1243 3246 Videns
1253 3187 1327 3243 enim
1340 3184 1466 3242 diabolus
1476 3183 1612 3240 auxilium
1622 3199 1670 3255 per
1683 3183 1770 3255 legem

113 3269 173 3336 tis;
190 3268 286 3326 senuit
298 3270 381 3340 enim,
396 3272 461 3344 quia
480 3273 608 3330 cessavit.
624 3275 680 3331 Lex
694 3282 787 3332 autem
801 3275 919 3349 spiritus
974 3281 1117 3352 provisum
1133 3278 1253 3357 bomini,
1269 3292 1350 3350 quem
1365 3275 1394 3330 in
1415 3272 1574 3331 conditione
1586 3289 1616 3327 se
1629 3281 1685 3327 tam
1701 3286 1770 3343 pro-

114 3357 176 3430 ipsa
198 3365 242 3414 est
265 3358 310 3414 lex
332 3358 408 3429 fidei,
439 3361 503 3435 quia
527 3361 595 3420 fides
621 3362 651 3420 in
679 3365 772 3421 animo
800 3375 851 3434 est,
868 3383 920 3425 nec
975 3377 1035 3441 pter
1057 3377 1200 3441 peccatum
1224 3364 1301 3433 Adae,
1326 3380 1408 3438 quam
1424 3367 1535 3435 propter
1558 3359 1645 3431 ipsius
1670 3358 1771 3415 babere

114 3445 249 3518 operibus
261 3445 427 3518 addiscitur,
453 3449 502 3508 sed
520 3451 603 3509 corde
623 3453 772 3520 crediturz·
790 3461 818 3512 et
841 3471 919 3514 mens
974 3457 1162 3530 gratulabatur
1177 3455 1248 3528 (68),
1267 3452 1406 3510 intellexit
1428 3451 1533 3508 iactum
1556 3445 1703 3504 adversum
1730 3463 1770 3504 se.

115 3533 176 3607 ipsa
199 3534 334 3609 intelligit
360 3546 464 3596 naturae
485 3557 541 3598 suae
556 3555 614 3599 esse
641 3541 716 3616 quod
742 3543 841 3614 credit,
868 3561 919 3604 nec
973 3542 1059 3610 Quem
1074 3540 1148 3597 enim
1162 3534 1772 3610 1111111111]111111111111111111111

114 3623 206 3680 oculis
219 3625 352 3696 cernitur,
365 3635 414 3684 aut
427 3629 558 3687 manibus
571 3631 699 3702 palpatur
712 3651 718 3689 :
735 3641 763 3690 et
777 3649 837 3706 qua
852 3650 919 3708 spe-
974 3630 1008 3687 de
1021 3647 1072 3686 suo
1093 3629 1232 3686 sublatum
1260 3625 1403 3695 dominio;
1431 3633 1582 3700 agnoverat
1594 3626 1669 3682 enim
1682 3625 1767 3683 homo

114 3722 215 3773 11111111
240 3716 323 3786 dona,
340 3735 397 3777 uon
422 3720 546 3778 visibilia
571 3730 646 3792 sunt,
663 3739 715 3781 nec
729 3731 848 3796 terrena,
871 3725 919 3782 sed
974 3717 1112 3792 quomodo
1140 3733 1248 3791 1111111111
1276 3717 1378 3773 inferni
1404 3715 1541 3772 1111111111·
1571 3713 1643 3772 Hillo
1668 3713 1772 3771 11111811

113 3805 264 3879 spiritalia.
284 3808 372 3867 Vetus
385 3827 449 3885 ergo
463 3812 509 3868 lex
522 3813 551 3869 in
565 3813 669 3872 tabulis
679 3813 795 3886 lapideis
808 3815 918 3873 forma.
974 3806 1117 3864 iracundia
1130 3805 1263 3864 adversus
1274 3804 1427 3874 bominem,
1447 3811 1478 3860 ut
1492 3804 1534 3860 illi
1550 3805 1636 3876 legem
1654 3803 1771 3860 inverte·

113 3905 142 3952 11
162 3904 224 3952 est:
247 3897 294 3954 lex
308 3908 400 3956 autern
415 3902 529 3975 spiritus
542 3903 571 3960 in
585 3903 689 3961 tabulis
703 3903 794 3962 cordis
808 3905 917 3979 spirita·
974 3905 1031 3965 ret;
1052 3904 1084 3952 111
1106 3896 1260 3970 imbibitis
1276 3893 1458 3964 161111ῑωῦ60,
1476 3895 1563 3951 Deum
1578 3908 1672 3948 rursus
1686 3891 1770 3948 ⁰ff0fl·

112 3985 180 4041 liter
204 3985 351 4058 scribitur,
366 3998 397 4045 ut
412 3989 448 4046 sit
471 3999 589 4049 aeterna:
621 3993 713 4050 littere
735 4001 826 4050 autem
850 3995 919 4067 legis
973 3984 1060 4055 deret,
1068 3992 1095 4042 et
1109 3985 1199 4042 denuo
1211 3987 1239 4042 in
1249 3991 1411 4059 potestatem
1426 3981 1531 4039 diaboli
1544 3980 1662 4040 caderet.
1678 3978 1769 4050 Cmpit

111 4075 219 4130 veteris
241 4083 321 4132 aetate
340 4079 524 4137 consumitur.
540 4083 591 4138 Est
604 4090 632 4138 et
656 4083 710 4140 alia
727 4083 917 4156 interpretatio
973 4089 1029 4130 uon
1052 4075 1195 4146 imperare,
1219 4075 1267 4131 sed
1293 4073 1435 4131 subtiliter
1456 4071 1569 4136 fallere;
1593 4066 1725 4141 quoniam
1740 4066 1770 4122 iu

110 4161 183 4238 legis
212 4163 341 4235 spiritus,
369 4174 401 4221 ut
424 4166 489 4236 qnia
511 4167 586 4239 prior
611 4169 657 4226 lex
679 4170 714 4227 ab
737 4188 817 4245 opere
845 4173 918 4229 malo
973 4163 1107 4236 legedeta
1120 4164 1213 4220 amisit
1235 4163 1392 4220 dominium
1410 4158 1547 4225 diabolus,
1563 4155 1772 4229 1111111111οωί-

110 4251 244 4308 inhibuit
264 4250 335 4323 (66),
351 4251 410 4309 haec
421 4260 524 4322 autern,
541 4271 604 4312 cum
618 4257 711 4313 necin
725 4260 916 4334 condepecoa.
974 4268 1036 4308 nem
1051 4253 1086 4310 ad
1100 4252 1150 4309 Ilei
1162 4250 1299 4323 judicium
1313 4252 1347 4307 de
1358 4257 1456 4308 caetero
1467 4247 1615 4320 pertinere.

109 4339 262 4398 redebere
284 4340 361 4411 dicit,
379 4341 427 4398 lex
440 4340 556 4415 spiritus
572 4352 696 4414 vocatur,
717 4357 748 4404 ut
760 4355 849 4406 totum
861 4349 919 4406 ho-
1016 4342 1105 4399 «Sine
1119 4343 1177 4416 lege
1191 4340 1264 4397 enirn
1284 4347 1426 4413 peccatum
1448 4347 1588 4396 mortuum
1601 4345 1691 4394 erat.»
1713 4335 1772 4394 lloc

108 4431 224 4486 minem
239 4429 322 4487 iaciat
334 4431 497 4503 spiritalem.
973 4429 1078 4504 duplici
1092 4447 1188 4504 genere
1203 4429 1413 4502 intelligendum
1428 4438 1479 4498 eet,
1493 4436 1524 4484 nt
1543 4435 1570 4484 et
1584 4425 1725 4484 diabolum
1740 4425 1771 4483 in

149 4519 249 4590 (Vere.
266 4517 306 4590 7.)
336 4520 431 4590 101111
455 4539 520 4594 ergo
541 4520 686 4580 dicemus?
700 4523 757 4580 Lex
780 4535 920 4598 peccatum
974 4536 1085 4603 peccato
1102 4529 1172 4586 scias
1188 4527 1386 4602 significatum,
1406 4536 1433 4584 et
1454 4527 1508 4583 boc
1521 4525 1612 4598 ipsum
1627 4531 1770 4597 peccatum

109 4609 183 4667 esti
197 4607 289 4666 Absit.
306 4633 316 4656 »
337 4609 472 4678 Quoniam
489 4614 575 4687 legem
597 4613 696 4671 mortis
715 4615 788 4674 hanc
801 4615 880 4687 dicit,
893 4626 920 4675 et
973 4616 1332 4690 quodvocaturpeccatum.
1344 4617 1470 4673 Mortuus
1481 4613 1556 4670 enim
1573 4612 1771 4670 dicituriuisse

108 4705 214 4756 1111111
227 4713 278 4754 nos
299 4697 378 4754 abes
402 4693 563 4772 gratulatur,
578 4712 607 4760 et
628 4703 658 4760 in
680 4704 728 4762 illa
742 4705 801 4764 Deo
816 4707 919 4763 servire
972 4704 1098 4762 diabolus
1122 4705 1201 4779 (69);
1228 4690 1293 4778 quia
1308 4701 1478 4762 cessabatab
1504 4701 1634 4758 illusione
1649 4700 1771 4758 bominis

107 4795 210 4862 neget,
233 4805 268 4846 ne
289 4788 414 4863 iniquum
437 4789 508 4848 banc
536 4809 656 4851 asserere
685 4801 838 4867 putaretur,
865 4795 919 4854 boc
972 4800 1035 4850 ente
1048 4794 1145 4866 legem,
1170 4793 1217 4850 sed
1240 4801 1298 4850 erat
1312 4793 1390 4866 quasi
1410 4791 1536 4865 quietus,
1561 4806 1674 4847 securus
1694 4789 1770 4846 enim

108 4885 227 4952 11111111,
241 4878 405 4936 1111111162
425 4878 510 4936 111111-
972 4889 1031 4940 erat
1044 4882 1078 4939 de
1092 4883 1262 4956 possessione
1276 4881 1344 4955 ejus.
1358 4881 1504 4939 Peccatum
1516 4886 1609 4936 autem
1625 4886 1767 4935 mortuum

162 4964 246 5024 «Sed
268 4975 411 5040 peccatum
425 4981 483 5022 non
500 4968 627 5040 cognovi,
643 4969 696 5028 nisi
709 4987 759 5044 per
781 4973 911 5046 legem.»
971 4987 1029 5028 esse
1048 4971 1130 5040 dixit,
1147 4972 1212 5046 quia
1238 4971 1386 5044 putabatur
1412 4968 1487 5044 quod
1508 4983 1565 5024 nou
1580 4967 1771 5041 imputaretur

110 5057 181 5116 Non
205 5071 271 5130 ergo
292 5065 435 5130 peccatum
459 5063 502 5112 est
525 5055 578 5126 lex,
606 5057 654 5116 sed
679 5059 764 5119 index
788 5061 916 5136 peccati;
973 5061 1045 5135 apud
1059 5062 1174 5134 ¹[teum;
1197 5060 1259 5118 ideo
1275 5059 1348 5133 apud
1368 5058 1510 5116 bominem
1535 5066 1677 5115 mortuum
1700 5065 1768 5124 erat,

157 5257 217 5332 (66)
232 5259 296 5318 1111.
318 5259 434 5332 aliquot,
457 5260 707 5342 bitterrensem...
730 5281 919 5322 mommoren-
973 5265 1071 5339 majori
1084 5281 1209 5334 numero,
1223 5282 1299 5337 qoem
1314 5264 1342 5320 in
1355 5262 1501 5320 conditione
1514 5279 1541 5319 se
1551 5259 1693 5390 qorrbounulli
1706 5256 1768 5338 scol

114 5338 200 5388 tarr...
217 5332 250 5388 ob
264 5347 357 5388 errore
373 5333 444 5386 molo
459 5332 581 5388 1111116111.
970 5345 1080 5410 propter
1100 5345 1235 5410 peccatum
1255 5337 1321 5394 111111
1348 5337 1442 5392 bebere
1500 5341 1548 5392 olo
1593 5337 1692 5386 acerra:
1721 5329 1769 5408 aln

158 5401 219 5474 (⁶⁷)
235 5403 312 5460 Edii
328 5401 454 5477 diffidam
471 5403 570 5469 Paris,
585 5403 917 5478 oibiltcmeujucundem.
973 5425 1049 5478 vero,
1063 5409 1129 5467 licet
1141 5408 1275 5482 corrupti,
1294 5405 1429 5480 magisad
1480 5407 1509 5462 't.
1528 5399 1661 5462 accedunt
1675 5398 1768 5457 lectio·

114 5471 181 5530 Non
196 5483 264 5531 11111
277 5479 349 5548 apte.
973 5496 1048 5549 nem,
1061 5496 1148 5558 ¹quam
1159 5481 1320 5538 retinemus.

158 5545 217 5618 (66)
232 5545 274 5602 lta
286 5553 343 5604 vet.
357 5543 448 5627 edita
461 5545 562 5628 quibus
578 5545 631 5604 hoc
645 5546 705 5604 solo
717 5548 827 5608 recessit
836 5552 917 5611 Rom.
1010 5553 1056 5625 (69
1083 5554 1162 5610 Rom.
1177 5552 1256 5621 edit,
1269 5559 1294 5608 et
1306 5552 1353 5608 boc
1366 5551 1453 5628 ipsam
1467 5547 1538 5618 qood
1549 5546 1657 5599 mcoter
1669 5558 1770 5614 pecco-

116 5615 196 5688 quod
225 5631 306 5678 voees
327 5617 383 5678 alro
409 5617 506 5676 ordine
537 5617 702 5679 collocavit:
733 5637 797 5684 mss.
826 5632 918 5682 autem
974 5561 1169 5685 1111161111111
1182 5624 1251 5683 enim
1264 5621 1399 5680 dicebmer
1412 5617 1545 5674 1111111111.
