4052 6192
133 282 186 340 tol

579 267 810 342 reuinctum
827 276 1016 340 anrosrrro
1035 283 1070 341 m
1090 279 1343 370 aecummsm.

1734 281 1787 344 902

133 415 185 478 rat,
201 406 329 465 tradidit.
345 407 398 464 Per
418 405 489 464 duos
512 405 606 466 hedos
620 408 821 466 confessionem
837 423 938 480 pecea-
951 411 977 471 Α
990 422 1047 462 nou
1059 405 1170 464 desinit.
1182 408 1280 464 blanus
1290 405 1453 474 circumda,
1471 421 1575 463 eumue
1588 406 1617 462 in
1633 405 1714 464 bonis
1724 424 1788 480 ope·

132 506 225 554 torum
255 496 350 570 populi
378 496 489 570 gentilis
516 504 544 554 et
571 497 761 571 poenitentiam
789 514 934 571 possumus

130 585 297 658 intelligere.
314 586 389 642 Duos
411 601 475 658 ergo
497 584 590 642 baedos
612 586 731 659 optimos
754 587 837 645 Jacob
852 585 934 642 matri

131 676 235 733 obtulit
249 695 256 744 ;
273 675 338 750 quia
352 691 401 748 per
415 676 615 734 contessionem
632 686 805 750 peccatorum
828 684 855 732 et
880 693 934 748 pm·

131 765 290 834 nitentium,
306 783 366 839 quar
382 766 428 822 ria
450 773 491 823 est
511 766 545 822 ad
560 766 642 822 fidem
658 765 799 834 euntibus,
815 766 934 839 populus

131 856 244 928 gentilis
266 855 300 911 ad
316 855 441 912 eamdem
468 855 550 912 fidem
571 855 775 929 percipiendam
799 871 935 928 propera-

130 944 253 1013 vitoni
276 943 349 1001 badi
376 943 475 1017 optimi
503 945 636 1002 dicuntur
650 945 754 1014 luisse,
770 945 835 1019 quia
855 945 934 1000 valde

128 1035 308 1110 acceptabilis
340 1039 398 1094 Deo
423 1045 464 1094 est
496 1037 658 1111 penitentia
690 1037 841 1111 peccatoris
869 1051 933 1094 cum

128 1125 374 1184 abrenuntiatione
397 1127 542 1198 vitiorum,
565 1127 637 1184 sicut
654 1127 712 1200 ipse
726 1127 862 1184 Dominus
885 1141 932 1182 no·

128 1226 187 1274 ster
199 1216 269 1274 dicit
286 1217 314 1273 in
330 1215 501 1290 Evangelio:
524 1216 685 1276 «Gaudium
701 1223 742 1272 est
756 1217 783 1272 in
796 1216 865 1273 coelo
880 1233 932 1271 su-

128 1323 179 1380 per
194 1323 250 1362 uno
264 1315 407 1378 peccatore
425 1305 614 1379 paenitentiam
631 1313 737 1378 agente,
754 1323 834 1380 quam
850 1321 933 1378 super

128 1395 397 1468 nonagintanovem
410 1393 504 1468 justis,
522 1394 640 1468 quinon
656 1393 782 1468 indigent
798 1394 933 1468 poeniten·

126 1485 261 1558 tietbar.
278 1501 327 1552 xv,
343 1486 420 1556 7>;·
445 1500 595 1557 perunum
610 1493 779 1557 peccatorem
800 1484 932 1556 populum

128 1575 268 1646 gentium,
292 1590 340 1647 per
363 1573 515 1647 nonaginta
529 1589 595 1629 vero
609 1589 707 1629 novem
723 1571 810 1645 justos
824 1571 932 1628 ludaeos

126 1662 252 1738 intelligi
272 1665 379 1720 volens.
403 1661 478 1731 Qui
468 1663 538 1734 Justl
553 1661 614 1720 ideo
633 1662 775 1730 dicuntur,
792 1660 856 1735 quia
871 1678 932 1734 pro·

988 493 1066 552 ribus
1077 495 1236 564 extollatur,
1254 502 1364 568 peccata
1378 493 1516 567 preterita
1529 501 1592 551 ante
1606 495 1701 552 oculos
1714 510 1788 550 men·

989 582 1025 639 tis
1039 599 1111 656 saepe
1124 584 1242 640 reducit.

1024 673 1171 748 Postquam
1190 675 1264 732 Isaac
1278 674 1370 732 cibum
1391 675 1517 747 sumpsit,
1544 674 1646 731 obtulit
1659 676 1683 732 ei
1704 675 1788 733 Jacob

988 762 1071 820 etiarn
1091 765 1199 820 vinum.
1219 765 1248 821 Si
1270 764 1424 838 percibum
1444 765 1541 822 activae
1563 765 1627 822 vita
1642 781 1723 837 opera
1742 765 1788 822 de·

988 852 1141 929 signantur,
1158 872 1303 928 possumus
1326 873 1374 929 per
1394 857 1502 926 vinum,
1521 857 1594 930 quod
1609 866 1714 914 mentes
1738 858 1786 914 ho·

988 943 1095 998 minum
1109 945 1220 1014 alienat,
1235 946 1477 1018 contemplativam
1487 947 1571 1002 vitam
1583 948 1715 1019 accipere,
1726 963 1786 1020 quae

988 1033 1023 1090 ab
1048 1051 1141 1090 amore
1173 1036 1266 1093 saeculi
1294 1045 1398 1093 mentes
1423 1037 1606 1109 quorumdam
1637 1039 1786 1094 electorum

988 1123 1162 1181 insensibiles
1185 1125 1285 1183 reddit.
1312 1127 1379 1184 Cibo
1408 1127 1493 1198 igitur
1519 1135 1640 1200 potuque
1663 1135 1785 1200 sumpto,

987 1214 1063 1270 lsaao
1076 1213 1159 1270 Jacob
1172 1213 1331 1282 benedixit3
1352 1216 1417 1288 quia
1436 1216 1478 1272 illi
1497 1216 1718 1274 benedictionem
1733 1233 1786 1274 eoe-

988 1300 1064 1358 lestis
1086 1302 1179 1374 patriae
1196 1319 1211 1358 a
1230 1305 1287 1358 Deo
1311 1303 1477 1376 percipiunt,
1497 1304 1627 1377 quicum
1651 1305 1786 1380 usquead

987 1388 1070 1446 finem
1087 1391 1151 1448 vitae
1161 1409 1216 1448 suae
1229 1391 1309 1448 bonis
1323 1393 1453 1466 operibus
1463 1394 1570 1463 placare
1583 1393 1706 1452 student.

1023 1479 1097 1535 ldem
1108 1496 1174 1537 vero
1188 1481 1270 1537 Jacob
1285 1498 1348 1538 cum
1361 1482 1467 1555 lugeret
1476 1483 1550 1540 Esau
1566 1482 1679 1540 fratrem
1693 1500 1785 1552 suum,

987 1569 1065 1625 venit
1092 1569 1126 1625 ad
1149 1570 1295 1643 quemdam
1321 1572 1430 1628 locum:
1453 1589 1571 1646 cumque
1598 1574 1787 1648 supposuisset

986 1663 1070 1737 capiti
1085 1679 1135 1720 suo
1149 1663 1278 1736 lapidem,
1294 1663 1428 1720 dormivit
1441 1664 1520 1734 illio;
1541 1665 1705 1741 uiditqueiu
1715 1685 1787 1725 som·
1867 1699 1869 1702 ·

125 1759 191 1825 pter
213 1752 434 1810 observationem
456 1752 523 1826 legis
535 1751 625 1826 justos
639 1768 668 1808 se
684 1751 753 1809 ialso
774 1751 908 1823 putabant
923 1771 930 1822 ;
946 1771 969 1834 Β
986 1753 1030 1810 nis
1044 1755 1144 1810 scalam
1168 1753 1202 1809 ad
1217 1761 1299 1826 caput
1313 1770 1393 1810 suum
1413 1771 1429 1809 a
1448 1762 1520 1810 terra
1533 1772 1619 1829 usque
1637 1755 1671 1813 ad
1686 1758 1785 1814 caelum

126 1857 195 1896 nam
211 1840 246 1898 ad
265 1841 375 1899 eosdem
394 1840 484 1914 justos
506 1842 642 1898 Dominus
661 1841 796 1914 loquitur,
811 1839 929 1897 decens:
986 1851 1115 1914 erectam,
1131 1852 1158 1900 et
1174 1844 1322 1901 Dominum
1338 1844 1469 1900 innixum
1490 1847 1578 1914 scelae,
1593 1846 1703 1920 angelos
1719 1863 1786 1920 quo·

133 1954 145 1978 ι
167 1930 218 1988 Vre
238 1929 285 2004 qui
305 1928 464 2002 justificatis
483 1946 532 1986 vos
556 1946 647 1986 coram
664 1928 835 1998 hominibus,
859 1929 932 1986 Deus
986 1951 1039 2008 que
1056 1933 1106 1992 Dei
1122 1935 1300 1992 ascendentes
1315 1943 1342 1992 et
1355 1933 1552 1992 descendentes
1566 1953 1614 2008 per
1628 1951 1687 1992 eam
1704 1937 1784 2009 (aas,

124 2027 223 2076 autem
242 2017 321 2075 novit
335 2017 418 2076 eorda
433 2026 524 2076 vestra
539 2019 620 2092 (Idic-
636 2034 696 2087 XVI,
714 2016 771 2091 15).
787 2042 796 2065 ⁸
825 2016 878 2085 Qui
901 2015 931 2073 in
985 2043 1089 2096 ravin,
1110 2026 1166 2098 ld).
1183 2027 1234 2083 Per
1245 2026 1364 2099 lapidem
1380 2025 1508 2085 Christus
1521 2027 1687 2101 intelligitur
1702 2028 1761 2102 (53)
1778 2048 1784 2087 :

123 2108 292 2182 imperfecto
307 2123 424 2164 numero
439 2114 594 2182 Dfflfflillflb
609 2106 800 2180 quianullum
814 2103 848 2161 ad
865 2121 932 2177 pef-
986 2113 1196 2172 fundamentum
1216 2131 1282 2172 vero
1303 2123 1428 2170 nostrum
1451 2115 1578 2174 Christus
1600 2125 1652 2187 est,
1674 2117 1708 2174 de
1732 2133 1787 2192 quo

123 2197 230 2255 fectum
245 2195 362 2253 adduxit
376 2197 422 2253 lex
439 2197 532 2270 (Heln.
546 2211 597 2265 vn,
614 2195 671 2270 19).
985 2204 1133 2277 Apostolus
1155 2203 1238 2261 dicit:
1262 2228 1271 2252 ι
1287 2203 1508 2260 Fundamentum
1524 2205 1597 2262 enim
1613 2205 1691 2263 aliud
1706 2223 1787 2264 nemo

164 2296 217 2351 Ρετ
230 2311 305 2352 escas
325 2301 417 2350 autem
446 2293 631 2363 delectabiles,
658 2309 719 2367 quae
733 2293 808 2350 Isaac
834 2291 868 2348 ad
887 2309 931 2348 su·
986 2301 1075 2366 potest
1088 2310 1189 2366 ponere
1206 2303 1305 2369 praeter
1319 2293 1348 2350 id
1366 2293 1440 2368 quod
1456 2295 1577 2368 positum
1592 2303 1642 2365 est,
1658 2296 1732 2371 quod
1747 2304 1788 2355 est

125 2383 262 2440 mendum
290 2400 325 2441 ex
350 2382 458 2440 (luobus
478 2387 551 2446 524
564 2381 651 2440 hedis
674 2389 831 2456 preparate
854 2387 929 2452 suni,
986 2383 1114 2442 Christus
1128 2385 1242 2458 lesusll
1257 2386 1375 2454 Coum,
1396 2387 1441 2460 ll)
1470 2410 1480 2436 ›
1503 2388 1592 2461 Caput
1606 2388 1692 2462 igitur
1705 2405 1787 2462 super

124 2481 301 2554 paenitentia
317 2497 398 2553 opera
420 2478 551 2537 debemus
572 2480 735 2553 intelligere.
753 2479 793 2536 De
809 2478 844 2534 iis
862 2477 931 2534 escis
985 2473 1104 2548 lapidem
1128 2476 1268 2548 ponimns,
1288 2475 1313 2532 si
1340 2492 1375 2532 ex
1397 2476 1478 2534 bonis
1501 2479 1631 2551 operibus
1654 2479 1785 2552 parietem

122 2569 257 2644 loquitur
270 2571 389 2626 loannes
403 2569 537 2642 Baptista,
553 2569 666 2626 dicens:
691 2567 807 2624 «Facite
822 2567 930 2624 lruotus
985 2573 1110 2622 nostrum
1121 2583 1203 2640 super
1215 2565 1356 2625 Christum
1372 2566 1550 2626 aedilicamus.

123 2659 229 2731 dignos
242 2659 411 2732 poenileutiae
425 2659 531 2730 (Melib-
548 2676 589 2727 111,
605 2659 646 2730 8).
667 2683 676 2708 ν
697 2658 748 2714 Per
760 2666 850 2714 vestes
865 2672 931 2712 vero
1021 2663 1175 2722 Concordat
1188 2664 1255 2721 buio
1269 2665 1364 2722 sensui
1386 2664 1458 2722 visio
1472 2667 1572 2734 scale;
1597 2665 1652 2723 duo
1666 2682 1785 2740 namque

120 2747 400 2823 vetustioresque
412 2748 586 2818 Esau,idest
600 2748 697 2816 ludsei,
714 2747 789 2805 domi
803 2747 929 2820 relique·
984 2751 1058 2825 ligna
1081 2754 1161 2809 scale
1185 2751 1298 2824 majora,
1324 2770 1385 2826 quae
1410 2762 1475 2809 sunt
1496 2770 1531 2809 ex
1554 2761 1669 2827 utraque
1696 2765 1782 2828 parte,

119 2845 201 2906 rant,
219 2839 324 2911 optima
347 2844 483 2911 praecepta
497 2837 564 2910 legis
580 2853 726 2911 possumus
740 2836 874 2910 accipere,
899 2843 931 2892 ut
983 2831 1064 2914 atque
1085 2841 1119 2897 ab
1141 2840 1320 2897 inferioribus
1339 2840 1374 2896 ad
1389 2841 1530 2914 superiora
1551 2841 1706 2914 eriguntur,
1727 2841 1784 2900 duo

122 2937 170 2986 est
185 2927 266 2996 illud,
288 2951 298 2975 ι
318 2928 422 3000 Diliges
444 2927 595 2984 Dominum
614 2928 700 2983 Deum
716 2935 795 2983 tuum
821 2941 855 2982 en
869 2931 928 2980 toto
984 2939 1118 3005 precepta
1143 2930 1287 2988 charitatis
1318 2931 1474 3006 designant.
1513 2933 1564 2988 Per
1591 2931 1690 3004 gradus
1717 2949 1783 2992 vero

119 3019 211 3078 corde
227 3027 275 3076 tuo
289 3028 316 3077 et
330 3036 364 3076 ex
377 3027 435 3077 tota
450 3020 543 3076 anima
558 3025 615 3087 tna,
636 3028 663 3076 et
675 3018 833 3093 proximum
850 3024 927 3073 tuum
983 3021 1030 3095 qui
1052 3021 1081 3076 in
1101 3029 1288 3077 transversum
1305 3037 1340 3078 ex
1363 3028 1479 3095 utraque
1497 3029 1574 3094 parte
1599 3021 1655 3078 illis
1676 3022 1785 3080 duobus

120 3109 201 3167 sicul
220 3109 352 3182 teipsum
369 3104 459 3183 (Dent.
483 3125 522 3177 ur,
538 3107 574 3175 5;
589 3109 672 3164 lavit.
686 3125 746 3176 xix,
765 3107 816 3176 to;
832 3106 927 3165 Mottb.
946 3135 968 3196 G
983 3107 1066 3180 lignis
1087 3109 1256 3176 inseruntur,
1281 3115 1387 3165 caeterae
1401 3110 1518 3166 virtutes
1538 3108 1726 3182 designantur.
1747 3111 1785 3167 Et

11 3195 13 3198 ’
119 3213 187 3267 xrx,
213 3197 258 3267 37,
284 3197 369 3270 39);·
395 3205 422 3254 ct
442 3199 530 3254 multa
545 3197 608 3267 alia,
630 3197 690 3253 sine
713 3195 814 3270 quibus
835 3194 928 3250 nullus

117 3287 221 3361 justus
236 3303 295 3344 esse
320 3294 420 3360 potest.
449 3288 496 3343 llae
521 3294 586 3343 sunt
609 3286 720 3358 optima
744 3293 843 3353 restes,
862 3300 930 3357 quas

121 3376 218 3436 Judai
231 3376 318 3444 domi,
334 3373 362 3432 id
378 3383 419 3432 est
442 3375 470 3431 iu
490 3373 584 3432 Veteri
599 3374 783 3440 Testamento,
806 3373 930 3445 relique-

120 3473 201 3534 rant,
234 3481 266 3522 eo
281 3465 355 3540 qud
375 3482 407 3523 ea
430 3464 575 3521 observare
601 3464 725 3531 nollent;
753 3461 788 3518 iis
811 3461 930 3534 populus

9 3557 13 3564 '
122 3554 243 3630 gentilis
258 3554 371 3611 indutus
394 3561 420 3611 et
442 3560 566 3622 orn'atus,
582 3553 616 3608 ad
630 3553 717 3608 Deum
739 3551 845 3608 Patrem
866 3563 929 3606 curn

120 3643 201 3704 cibis
212 3658 326 3717 opernm
349 3643 486 3700 bonorum
502 3641 633 3715 perrexit.
651 3641 719 3699 Cum
742 3639 813 3696 olbis
837 3646 928 3696 autern

121 3742 154 3792 et
169 3749 254 3808 panes
275 3732 384 3789 detulit.
409 3732 460 3790 Per
474 3748 571 3804 panem
596 3746 666 3804 saepe
687 3729 802 3786 verbnm
821 3729 870 3785 Dei
886 3729 931 3786 de·

124 3820 267 3896 signatur,
289 3821 353 3895 quia
380 3821 427 3878 ille
452 3829 635 3894 congruenter
655 3819 689 3876 ad
712 3820 799 3876 Deum
822 3817 929 3875 Patrem

124 3929 195 3972 cum
219 3911 290 3970 cibis
308 3927 421 3984 operum
445 3909 581 3966 bonorum
605 3909 702 3983 pergit,
728 3907 776 3982 qui
800 3914 826 3964 et
849 3907 927 3976 alios,

123 4017 309 4078 quoscunque
325 4008 425 4074 potest,
441 4000 475 4056 ad
484 3999 557 4056 bona
571 4015 652 4072 opera
664 3997 768 4073 agenda
782 3995 930 4054 admonere

124 4110 187 4151 non
202 4089 313 4150 desinit.

167 4190 221 4248 Sed
244 4199 271 4246 et
293 4189 364 4247 illud
387 4189 467 4248 nobis
490 4189 667 4264 querendum
692 4197 743 4259 est,
771 4205 820 4245 cnr
844 4195 932 4244 mater

124 4279 252 4355 pellibus
271 4279 389 4337 baedinis
404 4297 501 4338 manus
519 4280 603 4339 iacob
623 4289 650 4337 et
664 4279 729 4336 colli
752 4278 825 4336 unda
842 4286 930 4350 prote-

124 4372 217 4428 xerit.
245 4371 329 4429 Pellis
348 4385 467 4446 namque
491 4386 554 4427 oum
581 4367 719 4426 abbaedo
746 4366 929 4436 subtrabitur,

984 3197 1056 3254 sicut
1079 3197 1134 3254 duo
1158 3198 1233 3270 ligna
1256 3197 1311 3254 nisi
1334 3213 1350 3253 a
1371 3198 1510 3272 gradibus,
1530 3205 1557 3254 et
1576 3197 1676 3271 gradus
1692 3198 1746 3254 nisi
1769 3214 1785 3254 a

985 3285 1093 3343 dnobus
1113 3285 1196 3359 lignis
1217 3285 1353 3342 contineri
1375 3289 1431 3342 riou
1446 3293 1576 3358 possunt:
1599 3285 1678 3342 itaet
1694 3286 1783 3343 cbari-

985 3377 1100 3433 tessine
1120 3374 1225 3432 ceteris
1240 3375 1402 3445 virtutibus,
1423 3385 1450 3433 et
1467 3383 1571 3433 caeterae
1585 3375 1784 3432 virtutessine

986 3463 1119 3521 charitate
1135 3479 1193 3520 esse
1209 3479 1266 3519 uon
1288 3472 1412 3536 possunt.
1436 3464 1473 3520 Et
1489 3463 1720 3538 quemadmodum
1735 3464 1784 3521 di-

986 3553 1058 3610 versi
1082 3552 1191 3627 gradus,
1209 3552 1263 3608 uisi
1285 3553 1313 3608 in
1338 3551 1448 3611 duobus
1471 3554 1554 3626 lignis
1581 3551 1732 3625 majoribus
1757 3559 1784 3610 et

985 3651 1101 3719 utraque
1130 3652 1207 3718 parte
1243 3643 1411 3712 inserantur,
1446 3658 1588 3699 ascensum
1624 3641 1785 3699 hominibus

985 3734 1107 3809 praebere
1129 3750 1186 3791 non
1200 3742 1337 3808 possunt:
1356 3735 1395 3790 ita
1418 3740 1446 3790 et
1459 3741 1564 3790 ceterae
1586 3731 1714 3801 virtutes,
1730 3731 1784 3789 uisi

985 3843 1020 3883 ex
1041 3825 1189 3885 dilectione
1210 3825 1260 3881 Dei
1280 3833 1307 3881 et
1325 3824 1475 3880 dilectione
1490 3821 1611 3896 proximi
1626 3831 1784 3892 nascantur,

985 3918 1019 3974 ad
1046 3918 1145 3974 coelum
1173 3916 1212 3972 ire
1238 3915 1397 3972 volentibus
1414 3930 1557 3973 ascensum
1582 3915 1701 3986 praebere
1729 3927 1785 3968 non

985 4013 1100 4081 possunt
1116 4007 1187 4080 (bl),
1209 4006 1282 4064 sicut
1300 4005 1370 4063 dicit
1389 4005 1508 4062 loannes
1530 4004 1683 4076 apostolas:
1708 4001 1784 4069 «Qui

986 4096 1059 4152 enim
1075 4112 1131 4152 non
1150 4095 1243 4168 diligit
1257 4095 1369 4150 fratrem
1386 4110 1468 4150 suum
1488 4109 1567 4166 quem
1584 4091 1670 4158 videt,
1685 4093 1783 4156 Deum,

986 4199 1067 4257 quem
1085 4200 1140 4240 non
1161 4184 1247 4252 videt,
1270 4181 1409 4257 quomodo
1428 4187 1518 4255 potest
1532 4179 1646 4251 diligere
1663 4178 1693 4250 (l
1703 4178 1783 4232 loen.

987 4289 1025 4341 τε,
1043 4271 1089 4346 20)
1109 4273 1143 4329 i·
1171 4273 1207 4329 Et
1221 4273 1294 4330 sicut
1307 4273 1379 4329 scala
1392 4289 1425 4328 ex
1449 4287 1503 4328 una
1526 4279 1601 4344 parte
1622 4276 1735 4336 terram,
1750 4283 1785 4323 ex

987 4361 1184 4419 alteracoelum
1208 4369 1318 4436 tangere
1340 4362 1397 4418 uisa
1420 4370 1474 4418 est:
1499 4359 1537 4417 ita
1562 4369 1590 4416 et
1615 4358 1735 4416 ebaritas
1750 4356 1785 4413 ab

123 4477 196 4519 earo
224 4467 351 4533 apperet;
376 4459 450 4516 unde
470 4457 646 4516 delectabiles
672 4456 727 4513 cibi
751 4455 850 4512 confici
871 4472 931 4528 pos·
946 4489 971 4550 D
987 4449 1165 4508 inferioribus
1176 4451 1347 4524 proximis,a
1361 4449 1550 4523 superioribus
1560 4465 1626 4506 vero
1641 4451 1698 4506 Deo
1712 4462 1785 4505 eon-

125 4560 197 4612 eunt
213 4571 221 4620 ;
244 4551 374 4610 similiter
387 4559 414 4610 et
429 4553 462 4609 ab
478 4567 643 4624 unoquoque
659 4556 799 4623 peccatore
812 4565 876 4606 cum
891 4547 932 4604 vi·
983 4541 1120 4615 jungitur.
1137 4541 1213 4598 Unde
1228 4549 1255 4598 et
1269 4541 1359 4614 arigeli
1373 4541 1422 4597 Dei
1437 4555 1557 4614 peream
1572 4538 1749 4596 ascendentes
1759 4545 1786 4598 ei

125 4641 169 4698 tia
189 4639 384 4710 detrahantur,
409 4640 482 4698 bona
509 4648 614 4696 natura
637 4655 700 4696 cum
724 4637 830 4694 ratione
849 4653 931 4710 appa·

125 4739 204 4798 rent,
230 4745 290 4803 quae
310 4729 333 4785 si
355 4728 409 4785 lide
435 4729 624 4802 decoquentur
647 4727 732 4801 (δῖ),
756 4725 932 4784 delectabiles

124 4819 187 4877 eibi
205 4835 238 4874 ex
258 4817 331 4875 bono
346 4826 450 4874 natura
473 4821 530 4874 Deo
545 4826 743 4891 preparantur.
763 4817 815 4874 Per
828 4816 931 4873 collum

127 4908 229 4982 igitur,
250 4924 282 4964 eo
307 4907 382 4981 quod
406 4907 435 4963 in
459 4907 532 4964 eollo
553 4923 623 4980 saepe
646 4907 774 4980 superbia
793 4911 930 4980 appareat,

125 5011 278 5070 possumus
297 4996 443 5052 elationem
464 4995 564 5053 mentis
580 4996 731 5069 intelligere
738 5013 745 5063 ;
766 5010 814 5066 per
836 5009 933 5052 manus

125 5101 200 5141 vero
220 5100 301 5156 opera
316 5085 505 5158 designantur.
526 5084 634 5141 Collum
659 5101 722 5157 ergo
744 5083 935 5168 unusquisque

126 5173 226 5230 fidelis
240 5173 358 5245 pellibus
377 5173 496 5230 haedinis
510 5173 674 5242 circumdat,
700 5171 815 5230 eumad
832 5172 933 5229 mentis

126 5265 282 5322 elationem
303 5264 505 5339 deponendam,
529 5274 556 5324 et
575 5265 745 5324 humilitatis
761 5282 817 5322 suae
843 5271 933 5323 custo·

124 5355 207 5414 diam
223 5363 333 5430 peccata
346 5357 485 5432 preterita
502 5365 566 5415 aute
580 5359 676 5417 oeulos
690 5356 792 5416 mentis
805 5371 934 5414 revocare

170 5513 242 5590 (lid‘)
258 5515 347 5588 Edit,
362 5533 421 5590 guo
432 5536 456 5576 ra
451 5517 521 5594 fide
541 5518 597 5576 Deo
609 5521 774 5591 meconites
796 5533 861 5577 mss.
855 5559 873 5590 .,
889 5516 934 5574 de·

125 5603 180 5659 ⁶⁰⁹
146 5595 295 5734 (wita
317 5677 395 5734 mss,
415 5661 483 5722 edit.
509 5675 586 5735 uero,
611 5661 734 5722 Christro
760 5661 932 5738 intelligitur:

987 4632 1184 4690 descendentes
1199 4631 1346 4689 monstrati
1361 4640 1445 4700 sunt;
1461 4647 1525 4706 qma
1540 4638 1649 4688 sanctos
1663 4629 1724 4699 Dei,
1737 4627 1785 4702 qui

987 4739 1035 4796 ρετ
1045 4723 1155 4797 angelos
1164 4722 1353 4796 designantur,
1363 4720 1512 4796 aliquando
1522 4735 1599 4776 amor
1606 4720 1655 4776 Dei
1668 4735 1785 4791 percon·

987 4812 1297 4886 teniplationisgratiam
1312 4812 1347 4870 ad
1361 4812 1470 4869 excelsa
1484 4810 1620 4878 sublevat,
1635 4805 1785 4881 aliquando

987 4909 1098 4958 amoret
1107 4917 1172 4958 cura
1179 4903 1370 4975 proximorum
1381 4900 1415 4957 ad
1423 4899 1555 4956 inferiora
1561 4897 1676 4955 reducit.
1685 4895 1786 4954 Domi-

988 5008 1053 5048 num
1062 4999 1151 5046 autem
1164 4989 1292 5046 innixum
1304 4991 1383 5048 scale
1393 4989 1476 5057 vidit;
1490 4988 1555 5062 quia
1565 4988 1723 5062 quicunque
1738 5001 1787 5058 per

988 5079 1040 5138 iter
1055 5080 1189 5137 uirtutum
1210 5079 1244 5136 ad
1267 5079 1417 5136 Dominum
1438 5077 1621 5135 conscendere
1647 5081 1785 5147 satagunt,

988 5180 1132 5246 postquam
1145 5172 1219 5228 viam
1230 5171 1273 5228 sui
1286 5169 1549 5236 itinerisliuierunt,
1560 5166 1709 5223 Dominum
1720 5179 1786 5220 om-

988 5263 1065 5319 nium
1078 5261 1214 5317 bouomm
1229 5268 1367 5319 auctorem
1383 5257 1613 5333 premiorumque
1627 5255 1784 5328 largitorem

989 5351 1148 5420 inveniunt,
1162 5367 1225 5408 oum
1241 5367 1296 5425 quo
1310 5350 1371 5407 siue
1384 5347 1440 5406 line
1454 5344 1623 5422 gaudebunt.

988 5513 1200 5574 Diadumenum
1213 5513 1282 5571 enim
1296 5511 1383 5578 eliud,
1397 5517 1450 5568 etc.

1027 5585 1086 5660 (tt)
1100 5587 1144 5645 lta
1157 5593 1182 5643 et
1194 5591 1294 5644 cetere
1306 5585 1450 5640 uirtutes...
1466 5577 1584 5652 probem
1597 5591 1652 5634 ttoa
1662 5580 1784 5650 percont,

989 5657 1043 5718 boo
1057 5666 1146 5716 totum
1160 5675 1175 5716 e
1191 5675 1255 5716 mss
1271 5655 1430 5715 restitutum
1442 5660 1493 5708 est.
