<?xml version="1.0" encoding="UTF-8"?>
<!DOCTYPE html PUBLIC "-//W3C//DTD XHTML 1.0 Transitional//EN"
    "http://www.w3.org/TR/xhtml1/DTD/xhtml1-transitional.dtd">
<html xmlns="http://www.w3.org/1999/xhtml" xml:lang="en" lang="en">
 <head>
  <title>
</title>
<meta http-equiv="Content-Type" content="text/html;charset=utf-8" />
  <meta name='ocr-system' content='tesseract 3.04.00' />
  <meta name='ocr-capabilities' content='ocr_page ocr_carea ocr_par ocr_line ocrx_word'/>
</head>
<body>
  <div class='ocr_page' id='page_1' title='image "./patrologiaecurs131migngoog_0143.png"; bbox 0 0 4094 6182; ppageno 0'>
   <div class='ocr_carea' id='block_1_1' title="bbox 269 253 1926 504">
    <p class='ocr_par' dir='ltr' id='par_1_1' title="bbox 269 253 1926 504">
     <span class='ocr_line' id='line_1_1' title="bbox 270 253 1926 366; baseline -0.016 0"><span class='ocrx_word' id='word_1_1' title='bbox 270 253 331 366; x_wconf 71' lang='grc' dir='ltr'><strong>336ι</strong></span> <span class='ocrx_word' id='word_1_2' title='bbox 778 295 826 355; x_wconf 85' lang='grc' dir='ltr'><strong>ΑΙ)</strong></span> <span class='ocrx_word' id='word_1_3' title='bbox 847 291 964 354; x_wconf 78' lang='lat' dir='ltr'><strong>OPERA</strong></span> <span class='ocrx_word' id='word_1_4' title='bbox 982 289 1010 348; x_wconf 88' lang='lat' dir='ltr'><strong>S.</strong></span> <span class='ocrx_word' id='word_1_5' title='bbox 1031 285 1198 347; x_wconf 80' lang='lat' dir='ltr'><strong>Amssostt</strong></span> <span class='ocrx_word' id='word_1_6' title='bbox 1216 283 1408 344; x_wconf 83' lang='lat' dir='ltr'><strong>APPENDIX.</strong></span> <span class='ocrx_word' id='word_1_7' title='bbox 1871 280 1926 340; x_wconf 79' lang='lat'><strong>276</strong></span> 
     </span>
     <span class='ocr_line' id='line_1_2' title="bbox 269 407 1925 504; baseline -0.014 -12"><span class='ocrx_word' id='word_1_8' title='bbox 269 441 324 491; x_wconf 86' lang='lat' dir='ltr'><strong>tem</strong></span> <span class='ocrx_word' id='word_1_9' title='bbox 339 430 425 490; x_wconf 88' lang='lat' dir='ltr'><strong>dicit:</strong></span> <span class='ocrx_word' id='word_1_10' title='bbox 447 455 457 482; x_wconf 80' lang='grc' dir='ltr'><strong><em>ι</em></strong></span> <span class='ocrx_word' id='word_1_11' title='bbox 481 431 513 486; x_wconf 85' lang='grc'><strong>16</strong></span> <span class='ocrx_word' id='word_1_12' title='bbox 532 443 586 504; x_wconf 84' lang='lat' dir='ltr'><strong>quo</strong></span> <span class='ocrx_word' id='word_1_13' title='bbox 600 426 728 496; x_wconf 80' lang='lat' dir='ltr'><strong>sistatis,</strong></span> <span class='ocrx_word' id='word_1_14' title='bbox 744 449 753 474; x_wconf 60' lang='grc' dir='ltr'><strong><em>ι</em></strong></span> <span class='ocrx_word' id='word_1_15' title='bbox 774 423 820 480; x_wconf 92' lang='lat' dir='ltr'><strong>his</strong></span> <span class='ocrx_word' id='word_1_16' title='bbox 833 419 911 491; x_wconf 90' lang='lat' dir='ltr'><strong>dicit,</strong></span> <span class='ocrx_word' id='word_1_17' title='bbox 928 417 975 496; x_wconf 86' lang='lat' dir='ltr'><strong>qui</strong></span> <span class='ocrx_word' id='word_1_18' title='bbox 989 417 1066 476; x_wconf 88' lang='lat' dir='ltr'><strong>firmi</strong></span> <span class='ocrx_word' id='word_1_19' title='bbox 1085 416 1225 491; x_wconf 81' lang='lat' dir='ltr'><strong>Aquihus</strong></span> <span class='ocrx_word' id='word_1_20' title='bbox 1238 414 1330 488; x_wconf 91' lang='lat' dir='ltr'><strong>plures</strong></span> <span class='ocrx_word' id='word_1_21' title='bbox 1344 419 1456 472; x_wconf 87' lang='lat' dir='ltr'><strong>manent</strong></span> <span class='ocrx_word' id='word_1_22' title='bbox 1475 425 1564 486; x_wconf 81' lang='lat' dir='ltr'><strong>usqne</strong></span> <span class='ocrx_word' id='word_1_23' title='bbox 1584 409 1685 481; x_wconf 85' lang='lat' dir='ltr'><strong>adhuc,</strong></span> <span class='ocrx_word' id='word_1_24' title='bbox 1701 407 1814 485; x_wconf 77' lang='lat' dir='ltr'><strong>quidam</strong></span> <span class='ocrx_word' id='word_1_25' title='bbox 1832 415 1925 468; x_wconf 83' lang='lat' dir='ltr'><strong>nutem</strong></span> 
     </span>
    </p>
   </div>
   <div class='ocr_carea' id='block_1_2' title="bbox 218 497 1928 1214">
    <p class='ocr_par' dir='ltr' id='par_1_2' title="bbox 218 497 1928 1214">
     <span class='ocr_line' id='line_1_3' title="bbox 268 497 1926 592; baseline -0.015 -11"><span class='ocrx_word' id='word_1_26' title='bbox 268 532 345 581; x_wconf 85' lang='lat' dir='ltr'><strong>crant</strong></span> <span class='ocrx_word' id='word_1_27' title='bbox 359 523 388 578; x_wconf 94' lang='lat' dir='ltr'><strong>in</strong></span> <span class='ocrx_word' id='word_1_28' title='bbox 403 521 458 580; x_wconf 87' lang='lat' dir='ltr'><strong>lide</strong></span> <span class='ocrx_word' id='word_1_29' title='bbox 474 517 630 577; x_wconf 88' lang='lat' dir='ltr'><strong>traditionis</strong></span> <span class='ocrx_word' id='word_1_30' title='bbox 640 519 744 592; x_wconf 88' lang='lat' dir='ltr'><strong>hujus;</strong></span> <span class='ocrx_word' id='word_1_31' title='bbox 759 511 926 588; x_wconf 81' lang='lat' dir='ltr'><strong>promiscuis</strong></span> <span class='ocrx_word' id='word_1_32' title='bbox 941 511 1015 568; x_wconf 90' lang='lat' dir='ltr'><strong>enim</strong></span> <span class='ocrx_word' id='word_1_33' title='bbox 1031 509 1071 566; x_wconf 93' lang='lat' dir='ltr'><strong>lo·</strong></span> <span class='ocrx_word' id='word_1_34' title='bbox 1127 506 1308 565; x_wconf 89' lang='lat' dir='ltr'><strong>dormierunt.</strong></span> <span class='ocrx_word' id='word_1_35' title='bbox 1333 529 1342 552; x_wconf 80' lang='grc' dir='ltr'><strong><em>ι</em></strong></span> <span class='ocrx_word' id='word_1_36' title='bbox 1367 503 1407 560; x_wconf 91' lang='lat' dir='ltr'><strong>De</strong></span> <span class='ocrx_word' id='word_1_37' title='bbox 1429 503 1474 560; x_wconf 90' lang='lat' dir='ltr'><strong>his</strong></span> <span class='ocrx_word' id='word_1_38' title='bbox 1495 501 1595 577; x_wconf 90' lang='lat' dir='ltr'><strong>quibus</strong></span> <span class='ocrx_word' id='word_1_39' title='bbox 1614 507 1676 574; x_wconf 88' lang='lat' dir='ltr'><strong>post</strong></span> <span class='ocrx_word' id='word_1_40' title='bbox 1696 497 1926 558; x_wconf 75' lang='lat' dir='ltr'><strong>resurrectionem</strong></span> 
     </span>
     <span class='ocr_line' id='line_1_4' title="bbox 267 589 1927 686; baseline -0.014 -16"><span class='ocrx_word' id='word_1_41' title='bbox 267 615 372 686; x_wconf 91' lang='lat' dir='ltr'><strong>quitur,</strong></span> <span class='ocrx_word' id='word_1_42' title='bbox 386 620 417 667; x_wconf 92' lang='lat' dir='ltr'><strong>ut</strong></span> <span class='ocrx_word' id='word_1_43' title='bbox 431 619 457 668; x_wconf 92' lang='lat' dir='ltr'><strong>et</strong></span> <span class='ocrx_word' id='word_1_44' title='bbox 471 611 491 666; x_wconf 93' lang='lat' dir='ltr'><strong>ii</strong></span> <span class='ocrx_word' id='word_1_45' title='bbox 506 610 598 684; x_wconf 84' lang='lat' dir='ltr'><strong>quiin</strong></span> <span class='ocrx_word' id='word_1_46' title='bbox 613 609 667 665; x_wconf 85' lang='lat' dir='ltr'><strong>lide</strong></span> <span class='ocrx_word' id='word_1_47' title='bbox 686 613 762 674; x_wconf 91' lang='lat' dir='ltr'><strong>sunt,</strong></span> <span class='ocrx_word' id='word_1_48' title='bbox 788 603 922 676; x_wconf 85' lang='lat' dir='ltr'><strong>gardeant</strong></span> <span class='ocrx_word' id='word_1_49' title='bbox 939 619 945 658; x_wconf 95' lang='lat'>:</span> <span class='ocrx_word' id='word_1_50' title='bbox 973 610 1000 658; x_wconf 91' lang='lat' dir='ltr'><strong>et</strong></span> <span class='ocrx_word' id='word_1_51' title='bbox 1023 600 1070 673; x_wconf 89' lang='lat' dir='ltr'><strong>qui</strong></span> <span class='ocrx_word' id='word_1_52' title='bbox 1127 596 1254 670; x_wconf 86' lang='lat' dir='ltr'><strong>apparuit</strong></span> <span class='ocrx_word' id='word_1_53' title='bbox 1272 596 1416 664; x_wconf 82' lang='lat' dir='ltr'><strong>Dominus,</strong></span> <span class='ocrx_word' id='word_1_54' title='bbox 1437 602 1503 652; x_wconf 86' lang='lat' dir='ltr'><strong>tune</strong></span> <span class='ocrx_word' id='word_1_55' title='bbox 1517 591 1620 650; x_wconf 88' lang='lat' dir='ltr'><strong>multos</strong></span> <span class='ocrx_word' id='word_1_56' title='bbox 1633 589 1702 648; x_wconf 84' lang='lat' dir='ltr'><strong>dicit</strong></span> <span class='ocrx_word' id='word_1_57' title='bbox 1717 589 1801 648; x_wconf 82' lang='lat' dir='ltr'><strong>luisse</strong></span> <span class='ocrx_word' id='word_1_58' title='bbox 1812 590 1842 646; x_wconf 92' lang='lat' dir='ltr'><strong>in</strong></span> <span class='ocrx_word' id='word_1_59' title='bbox 1857 605 1927 647; x_wconf 88' lang='lat' dir='ltr'><strong>cor·-</strong></span> 
     </span>
     <span class='ocr_line' id='line_1_5' title="bbox 267 695 1820 782; baseline -0.021 -20"><span class='ocrx_word' id='word_1_60' title='bbox 267 711 377 770; x_wconf 88' lang='lat' dir='ltr'><strong>nutant,</strong></span> <span class='ocrx_word' id='word_1_61' title='bbox 393 702 537 776; x_wconf 85' lang='lat' dir='ltr'><strong>corripies</strong></span> <span class='ocrx_word' id='word_1_62' title='bbox 556 701 678 766; x_wconf 83' lang='lat' dir='ltr'><strong>doleant,</strong></span> <span class='ocrx_word' id='word_1_63' title='bbox 695 702 722 752; x_wconf 88' lang='lat' dir='ltr'><strong>et</strong></span> <span class='ocrx_word' id='word_1_64' title='bbox 732 695 916 768; x_wconf 82' lang='lat' dir='ltr'><strong>corrigantur.</strong></span> <span class='ocrx_word' id='word_1_65' title='bbox 1127 701 1203 758; x_wconf 90' lang='lat' dir='ltr'><strong>pore.</strong></span> <span class='ocrx_word' id='word_1_66' title='bbox 1814 769 1820 782; x_wconf 87' lang='lat'><strong>.</strong></span> 
     </span>
     <span class='ocr_line' id='line_1_6' title="bbox 302 770 1928 868; baseline -0.014 -17"><span class='ocrx_word' id='word_1_67' title='bbox 302 794 393 868; x_wconf 84' lang='lat' dir='ltr'><strong>(llere.</strong></span> <span class='ocrx_word' id='word_1_68' title='bbox 409 791 450 864; x_wconf 85' lang='lat'><strong>3.)</strong></span> <span class='ocrx_word' id='word_1_69' title='bbox 474 788 605 847; x_wconf 77' lang='lat' dir='ltr'><strong>«Tradidi</strong></span> <span class='ocrx_word' id='word_1_70' title='bbox 623 783 794 842; x_wconf 88' lang='lat' dir='ltr'><strong>enimvobis</strong></span> <span class='ocrx_word' id='word_1_71' title='bbox 818 783 846 838; x_wconf 93' lang='lat' dir='ltr'><strong>in</strong></span> <span class='ocrx_word' id='word_1_72' title='bbox 870 780 978 855; x_wconf 87' lang='lat' dir='ltr'><strong>primis,</strong></span> <span class='ocrx_word' id='word_1_73' title='bbox 1004 794 1070 851; x_wconf 86' lang='lat' dir='ltr'><strong>quo-</strong></span> <span class='ocrx_word' id='word_1_74' title='bbox 1164 773 1254 847; x_wconf 82' lang='lat' dir='ltr'><strong>(Vers.</strong></span> <span class='ocrx_word' id='word_1_75' title='bbox 1272 773 1312 847; x_wconf 87' lang='grc'><strong>7.)</strong></span> <span class='ocrx_word' id='word_1_76' title='bbox 1335 773 1464 832; x_wconf 85' lang='lat' dir='ltr'><strong>«Deinde</strong></span> <span class='ocrx_word' id='word_1_77' title='bbox 1478 773 1605 846; x_wconf 86' lang='lat' dir='ltr'><strong>apparuit</strong></span> <span class='ocrx_word' id='word_1_78' title='bbox 1622 770 1733 830; x_wconf 77' lang='lat' dir='ltr'><strong>Iacobo.</strong></span> <span class='ocrx_word' id='word_1_79' title='bbox 1758 794 1768 819; x_wconf 68' lang='grc' dir='ltr'><strong><em>ι</em></strong></span> <span class='ocrx_word' id='word_1_80' title='bbox 1792 771 1928 845; x_wconf 86' lang='lat' dir='ltr'><strong>Smgula-</strong></span> 
     </span>
     <span class='ocr_line' id='line_1_7' title="bbox 218 855 1927 946; baseline -0.013 -5"><span class='ocrx_word' id='word_1_81' title='bbox 218 855 222 868; x_wconf 39' lang='grc'><strong><em>·</em></strong></span> <span class='ocrx_word' id='word_1_82' title='bbox 265 883 339 940; x_wconf 88' lang='lat' dir='ltr'><strong>uiam</strong></span> <span class='ocrx_word' id='word_1_83' title='bbox 367 879 494 940; x_wconf 87' lang='lat' dir='ltr'><strong>Christus</strong></span> <span class='ocrx_word' id='word_1_84' title='bbox 521 883 648 932; x_wconf 89' lang='lat' dir='ltr'><strong>mortuus</strong></span> <span class='ocrx_word' id='word_1_85' title='bbox 675 881 716 930; x_wconf 90' lang='lat' dir='ltr'><strong>est</strong></span> <span class='ocrx_word' id='word_1_86' title='bbox 741 889 792 946; x_wconf 92' lang='lat' dir='ltr'><strong>pro</strong></span> <span class='ocrx_word' id='word_1_87' title='bbox 819 868 940 944; x_wconf 88' lang='lat' dir='ltr'><strong>peccatis</strong></span> <span class='ocrx_word' id='word_1_88' title='bbox 968 865 1070 924; x_wconf 90' lang='lat' dir='ltr'><strong>nostris</strong></span> <span class='ocrx_word' id='word_1_89' title='bbox 1126 863 1195 920; x_wconf 88' lang='lat' dir='ltr'><strong>riter</strong></span> <span class='ocrx_word' id='word_1_90' title='bbox 1211 862 1313 920; x_wconf 81' lang='lat' dir='ltr'><strong>Jecobo</strong></span> <span class='ocrx_word' id='word_1_91' title='bbox 1336 862 1472 936; x_wconf 86' lang='lat' dir='ltr'><strong>apparuit,</strong></span> <span class='ocrx_word' id='word_1_92' title='bbox 1498 863 1569 920; x_wconf 89' lang='lat' dir='ltr'><strong>siout</strong></span> <span class='ocrx_word' id='word_1_93' title='bbox 1589 871 1617 919; x_wconf 91' lang='lat' dir='ltr'><strong>et</strong></span> <span class='ocrx_word' id='word_1_94' title='bbox 1639 861 1739 918; x_wconf 90' lang='lat' dir='ltr'><strong>Petro:</strong></span> <span class='ocrx_word' id='word_1_95' title='bbox 1765 859 1840 934; x_wconf 88' lang='lat' dir='ltr'><strong>quod</strong></span> <span class='ocrx_word' id='word_1_96' title='bbox 1863 859 1927 918; x_wconf 89' lang='lat' dir='ltr'><strong>ideo</strong></span> 
     </span>
     <span class='ocr_line' id='line_1_8' title="bbox 265 947 1927 1039; baseline -0.014 -9"><span class='ocrx_word' id='word_1_97' title='bbox 265 971 415 1030; x_wconf 89' lang='lat' dir='ltr'><strong>secundum</strong></span> <span class='ocrx_word' id='word_1_98' title='bbox 434 969 624 1039; x_wconf 80' lang='lat' dir='ltr'><strong>Scripturas.»</strong></span> <span class='ocrx_word' id='word_1_99' title='bbox 644 963 804 1034; x_wconf 76' lang='lat' dir='ltr'><strong>Scripturas,</strong></span> <span class='ocrx_word' id='word_1_100' title='bbox 824 959 991 1016; x_wconf 81' lang='lat' dir='ltr'><strong>Testamenti</strong></span> <span class='ocrx_word' id='word_1_101' title='bbox 1016 957 1072 1016; x_wconf 86' lang='lat' dir='ltr'><strong>lle·</strong></span> <span class='ocrx_word' id='word_1_102' title='bbox 1126 959 1193 1025; x_wconf 83' lang='lat' dir='ltr'><strong>puto</strong></span> <span class='ocrx_word' id='word_1_103' title='bbox 1208 951 1321 1020; x_wconf 83' lang='lat' dir='ltr'><strong>factum,</strong></span> <span class='ocrx_word' id='word_1_104' title='bbox 1337 959 1369 1008; x_wconf 89' lang='lat' dir='ltr'><strong>ut</strong></span> <span class='ocrx_word' id='word_1_105' title='bbox 1384 949 1535 1007; x_wconf 82' lang='lat' dir='ltr'><strong>multitaria</strong></span> <span class='ocrx_word' id='word_1_106' title='bbox 1554 949 1711 1022; x_wconf 76' lang='lat' dir='ltr'><strong>apparentia</strong></span> <span class='ocrx_word' id='word_1_107' title='bbox 1729 947 1812 1006; x_wconf 88' lang='grc'><strong>6666</strong></span> <span class='ocrx_word' id='word_1_108' title='bbox 1836 965 1927 1006; x_wconf 89' lang='lat' dir='ltr'><strong>resur·</strong></span> 
     </span>
     <span class='ocr_line' id='line_1_9' title="bbox 265 1037 1918 1128; baseline -0.013 -11"><span class='ocrx_word' id='word_1_109' title='bbox 265 1062 330 1118; x_wconf 90' lang='lat' dir='ltr'><strong>teris</strong></span> <span class='ocrx_word' id='word_1_110' title='bbox 359 1065 492 1114; x_wconf 87' lang='lat' dir='ltr'><strong>memorat</strong></span> <span class='ocrx_word' id='word_1_111' title='bbox 521 1071 581 1128; x_wconf 79' lang='grc'><strong>666</strong></span> <span class='ocrx_word' id='word_1_112' title='bbox 611 1054 732 1111; x_wconf 81' lang='lat' dir='ltr'><strong>futuram</strong></span> <span class='ocrx_word' id='word_1_113' title='bbox 772 1051 925 1123; x_wconf 91' lang='lat' dir='ltr'><strong>passionem</strong></span> <span class='ocrx_word' id='word_1_114' title='bbox 956 1047 1069 1107; x_wconf 87' lang='lat' dir='ltr'><strong>Domini</strong></span> <span class='ocrx_word' id='word_1_115' title='bbox 1125 1041 1257 1097; x_wconf 88' lang='lat' dir='ltr'><strong>rectionis</strong></span> <span class='ocrx_word' id='word_1_116' title='bbox 1275 1041 1407 1097; x_wconf 83' lang='lat' dir='ltr'><strong>firmaret.</strong></span> <span class='ocrx_word' id='word_1_117' title='bbox 1439 1039 1569 1095; x_wconf 78' lang='lat' dir='ltr'><strong>«Postea</strong></span> <span class='ocrx_word' id='word_1_118' title='bbox 1591 1038 1721 1110; x_wconf 87' lang='lat' dir='ltr'><strong>apostolis</strong></span> <span class='ocrx_word' id='word_1_119' title='bbox 1743 1037 1884 1096; x_wconf 86' lang='lat' dir='ltr'><strong>omnibus.</strong></span> <span class='ocrx_word' id='word_1_120' title='bbox 1908 1064 1918 1087; x_wconf 77' lang='grc' dir='ltr'><strong><em>ι</em></strong></span> 
     </span>
     <span class='ocr_line' id='line_1_10' title="bbox 220 1126 1925 1214; baseline -0.014 -5"><span class='ocrx_word' id='word_1_121' title='bbox 220 1173 222 1178; x_wconf 66' lang='grc'>’</span> <span class='ocrx_word' id='word_1_122' title='bbox 264 1150 432 1208; x_wconf 85' lang='lat' dir='ltr'><strong>cecinerunt.</strong></span> <span class='ocrx_word' id='word_1_123' title='bbox 445 1147 520 1204; x_wconf 90' lang='lat' dir='ltr'><strong>Dicit</strong></span> <span class='ocrx_word' id='word_1_124' title='bbox 534 1145 608 1201; x_wconf 91' lang='lat' dir='ltr'><strong>enim</strong></span> <span class='ocrx_word' id='word_1_125' title='bbox 630 1141 713 1198; x_wconf 86' lang='lat' dir='ltr'><strong>isaias</strong></span> <span class='ocrx_word' id='word_1_126' title='bbox 735 1140 889 1214; x_wconf 89' lang='lat' dir='ltr'><strong>propheta:</strong></span> <span class='ocrx_word' id='word_1_127' title='bbox 916 1162 925 1186; x_wconf 81' lang='grc' dir='ltr'><strong><em>ι</em></strong></span> <span class='ocrx_word' id='word_1_128' title='bbox 949 1137 985 1194; x_wconf 92' lang='lat' dir='ltr'><strong>Ut</strong></span> <span class='ocrx_word' id='word_1_129' title='bbox 1008 1135 1068 1192; x_wconf 87' lang='lat' dir='ltr'><strong>ovis</strong></span> <span class='ocrx_word' id='word_1_130' title='bbox 1125 1133 1226 1188; x_wconf 89' lang='lat' dir='ltr'><strong>lterum</strong></span> <span class='ocrx_word' id='word_1_131' title='bbox 1242 1129 1372 1187; x_wconf 91' lang='lat' dir='ltr'><strong>omnibns</strong></span> <span class='ocrx_word' id='word_1_132' title='bbox 1390 1128 1520 1202; x_wconf 87' lang='lat' dir='ltr'><strong>apostolis</strong></span> <span class='ocrx_word' id='word_1_133' title='bbox 1540 1127 1617 1184; x_wconf 90' lang='lat' dir='ltr'><strong>visus</strong></span> <span class='ocrx_word' id='word_1_134' title='bbox 1635 1134 1677 1184; x_wconf 90' lang='lat' dir='ltr'><strong>est</strong></span> <span class='ocrx_word' id='word_1_135' title='bbox 1699 1126 1729 1183; x_wconf 90' lang='lat' dir='ltr'><strong>in</strong></span> <span class='ocrx_word' id='word_1_136' title='bbox 1754 1127 1925 1197; x_wconf 68' lang='lat' dir='ltr'><strong>muntenni</strong></span> 
     </span>
    </p>
   </div>
   <div class='ocr_carea' id='block_1_3' title="bbox 242 1216 1925 5169">
    <p class='ocr_par' dir='ltr' id='par_1_3' title="bbox 242 1216 1925 5169">
     <span class='ocr_line' id='line_1_11' title="bbox 262 1216 1925 1304; baseline -0.014 -7"><span class='ocrx_word' id='word_1_137' title='bbox 262 1240 296 1297; x_wconf 94' lang='lat' dir='ltr'><strong>ad</strong></span> <span class='ocrx_word' id='word_1_138' title='bbox 312 1236 511 1296; x_wconf 91' lang='lat' dir='ltr'><strong>immolandum</strong></span> <span class='ocrx_word' id='word_1_139' title='bbox 526 1235 627 1291; x_wconf 90' lang='lat' dir='ltr'><strong>ductus</strong></span> <span class='ocrx_word' id='word_1_140' title='bbox 641 1239 682 1288; x_wconf 89' lang='lat' dir='ltr'><strong>est</strong></span> <span class='ocrx_word' id='word_1_141' title='bbox 698 1231 765 1304; x_wconf 86' lang='lat' dir='ltr'><strong>(iso.</strong></span> <span class='ocrx_word' id='word_1_142' title='bbox 782 1247 841 1298; x_wconf 84' lang='lat' dir='ltr'><strong>urrr,</strong></span> <span class='ocrx_word' id='word_1_143' title='bbox 859 1228 899 1302; x_wconf 88' lang='lat'><strong>7).</strong></span> <span class='ocrx_word' id='word_1_144' title='bbox 917 1252 927 1276; x_wconf 79' lang='grc' dir='ltr'><strong><em>ι</em></strong></span> <span class='ocrx_word' id='word_1_145' title='bbox 949 1227 984 1282; x_wconf 76' lang='lat' dir='ltr'><strong>Et</strong></span> <span class='ocrx_word' id='word_1_146' title='bbox 995 1225 1067 1281; x_wconf 88' lang='lat' dir='ltr'><strong>inter</strong></span> <span class='ocrx_word' id='word_1_147' title='bbox 1124 1221 1304 1280; x_wconf 79' lang='lat' dir='ltr'><strong>constituerat</strong></span> <span class='ocrx_word' id='word_1_148' title='bbox 1317 1218 1375 1276; x_wconf 88' lang='lat' dir='ltr'><strong>illis</strong></span> <span class='ocrx_word' id='word_1_149' title='bbox 1389 1219 1477 1290; x_wconf 81' lang='lat' dir='ltr'><strong>lesus,</strong></span> <span class='ocrx_word' id='word_1_150' title='bbox 1492 1220 1564 1276; x_wconf 87' lang='lat' dir='ltr'><strong>sicut</strong></span> <span class='ocrx_word' id='word_1_151' title='bbox 1578 1216 1662 1275; x_wconf 84' lang='lat' dir='ltr'><strong>refert</strong></span> <span class='ocrx_word' id='word_1_152' title='bbox 1678 1217 1824 1275; x_wconf 74' lang='lat' dir='ltr'><strong>Mattheus</strong></span> <span class='ocrx_word' id='word_1_153' title='bbox 1841 1232 1925 1274; x_wconf 84' lang='lat' dir='ltr'><strong>evan-</strong></span> 
     </span>
     <span class='ocr_line' id='line_1_12' title="bbox 263 1309 1924 1394; baseline -0.013 -8"><span class='ocrx_word' id='word_1_154' title='bbox 263 1337 383 1388; x_wconf 84' lang='lat' dir='ltr'><strong>caetera:</strong></span> <span class='ocrx_word' id='word_1_155' title='bbox 408 1323 568 1394; x_wconf 81' lang='lat' dir='ltr'><strong>«Quoniam</strong></span> <span class='ocrx_word' id='word_1_156' title='bbox 592 1322 706 1378; x_wconf 91' lang='lat' dir='ltr'><strong>tolletur</strong></span> <span class='ocrx_word' id='word_1_157' title='bbox 728 1335 744 1375; x_wconf 92' lang='lat' dir='ltr'><strong>a</strong></span> <span class='ocrx_word' id='word_1_158' title='bbox 765 1326 839 1376; x_wconf 87' lang='lat' dir='ltr'><strong>terra</strong></span> <span class='ocrx_word' id='word_1_159' title='bbox 857 1317 915 1373; x_wconf 87' lang='lat' dir='ltr'><strong>vita</strong></span> <span class='ocrx_word' id='word_1_160' title='bbox 938 1315 1009 1389; x_wconf 85' lang='lat' dir='ltr'><strong>ejus,</strong></span> <span class='ocrx_word' id='word_1_161' title='bbox 1033 1314 1067 1370; x_wconf 89' lang='lat' dir='ltr'><strong>ab</strong></span> <span class='ocrx_word' id='word_1_162' title='bbox 1124 1313 1220 1387; x_wconf 80' lang='lat' dir='ltr'><strong>gelista</strong></span> <span class='ocrx_word' id='word_1_163' title='bbox 1238 1313 1346 1386; x_wconf 72' lang='lat' dir='ltr'><strong>(natet.</strong></span> <span class='ocrx_word' id='word_1_164' title='bbox 1363 1329 1464 1380; x_wconf 81' lang='lat' dir='ltr'><strong>xxvur,</strong></span> <span class='ocrx_word' id='word_1_165' title='bbox 1482 1310 1538 1384; x_wconf 81' lang='lat' dir='ltr'><strong>tt).</strong></span> <span class='ocrx_word' id='word_1_166' title='bbox 1562 1309 1636 1367; x_wconf 90' lang='lat' dir='ltr'><strong>Ante</strong></span> <span class='ocrx_word' id='word_1_167' title='bbox 1650 1309 1679 1365; x_wconf 93' lang='lat' dir='ltr'><strong>in</strong></span> <span class='ocrx_word' id='word_1_168' title='bbox 1694 1309 1844 1367; x_wconf 84' lang='lat' dir='ltr'><strong>Jerusalem</strong></span> <span class='ocrx_word' id='word_1_169' title='bbox 1861 1317 1924 1382; x_wconf 93' lang='lat' dir='ltr'><strong>post</strong></span> 
     </span>
     <span class='ocr_line' id='line_1_13' title="bbox 263 1397 1924 1492; baseline -0.01 -19"><span class='ocrx_word' id='word_1_170' title='bbox 263 1415 457 1492; x_wconf 86' lang='lat' dir='ltr'><strong>iniquitatibus</strong></span> <span class='ocrx_word' id='word_1_171' title='bbox 486 1412 582 1488; x_wconf 88' lang='lat' dir='ltr'><strong>populi</strong></span> <span class='ocrx_word' id='word_1_172' title='bbox 611 1410 665 1466; x_wconf 92' lang='lat' dir='ltr'><strong>mei</strong></span> <span class='ocrx_word' id='word_1_173' title='bbox 696 1407 797 1464; x_wconf 89' lang='lat' dir='ltr'><strong>ductus</strong></span> <span class='ocrx_word' id='word_1_174' title='bbox 819 1413 860 1464; x_wconf 90' lang='lat' dir='ltr'><strong>est</strong></span> <span class='ocrx_word' id='word_1_175' title='bbox 886 1405 921 1462; x_wconf 87' lang='lat' dir='ltr'><strong>ad</strong></span> <span class='ocrx_word' id='word_1_176' title='bbox 949 1413 1065 1461; x_wconf 90' lang='lat' dir='ltr'><strong>mortem</strong></span> <span class='ocrx_word' id='word_1_177' title='bbox 1123 1401 1182 1458; x_wconf 89' lang='lat' dir='ltr'><strong>dies</strong></span> <span class='ocrx_word' id='word_1_178' title='bbox 1196 1410 1260 1460; x_wconf 90' lang='lat' dir='ltr'><strong>octo</strong></span> <span class='ocrx_word' id='word_1_179' title='bbox 1274 1399 1485 1458; x_wconf 89' lang='lat' dir='ltr'><strong>resurrectionis</strong></span> <span class='ocrx_word' id='word_1_180' title='bbox 1499 1415 1568 1466; x_wconf 81' lang='lat' dir='ltr'><strong>sue,</strong></span> <span class='ocrx_word' id='word_1_181' title='bbox 1587 1398 1616 1455; x_wconf 90' lang='lat' dir='ltr'><strong>id</strong></span> <span class='ocrx_word' id='word_1_182' title='bbox 1638 1404 1680 1456; x_wconf 91' lang='lat' dir='ltr'><strong>est</strong></span> <span class='ocrx_word' id='word_1_183' title='bbox 1699 1397 1846 1455; x_wconf 84' lang='lat' dir='ltr'><strong>Dominica</strong></span> <span class='ocrx_word' id='word_1_184' title='bbox 1867 1398 1924 1466; x_wconf 88' lang='lat' dir='ltr'><strong>die,</strong></span> 
     </span>
     <span class='ocr_line' id='line_1_14' title="bbox 264 1487 1925 1581; baseline -0.01 -18"><span class='ocrx_word' id='word_1_185' title='bbox 264 1507 347 1581; x_wconf 83' lang='lat' dir='ltr'><strong>(ibid.</strong></span> <span class='ocrx_word' id='word_1_186' title='bbox 366 1505 441 1576; x_wconf 84' lang='lat'><strong>8);»</strong></span> <span class='ocrx_word' id='word_1_187' title='bbox 464 1501 523 1559; x_wconf 84' lang='lat' dir='ltr'><strong>heac</strong></span> <span class='ocrx_word' id='word_1_188' title='bbox 539 1501 569 1556; x_wconf 93' lang='lat' dir='ltr'><strong>in</strong></span> <span class='ocrx_word' id='word_1_189' title='bbox 584 1499 695 1560; x_wconf 88' lang='lat' dir='ltr'><strong>Christo</strong></span> <span class='ocrx_word' id='word_1_190' title='bbox 711 1505 818 1570; x_wconf 84' lang='lat' dir='ltr'><strong>reperta</strong></span> <span class='ocrx_word' id='word_1_191' title='bbox 832 1502 995 1553; x_wconf 88' lang='lat' dir='ltr'><strong>noscuntur.</strong></span> <span class='ocrx_word' id='word_1_192' title='bbox 1012 1492 1065 1550; x_wconf 86' lang='lat' dir='ltr'><strong>Sed</strong></span> <span class='ocrx_word' id='word_1_193' title='bbox 1120 1489 1338 1563; x_wconf 86' lang='lat' dir='ltr'><strong>jauuisclausis‚</strong></span> <span class='ocrx_word' id='word_1_194' title='bbox 1360 1489 1475 1547; x_wconf 87' lang='lat' dir='ltr'><strong>intravit</strong></span> <span class='ocrx_word' id='word_1_195' title='bbox 1498 1489 1532 1546; x_wconf 88' lang='lat' dir='ltr'><strong>ed</strong></span> <span class='ocrx_word' id='word_1_196' title='bbox 1562 1487 1723 1560; x_wconf 88' lang='lat' dir='ltr'><strong>discipulos,</strong></span> <span class='ocrx_word' id='word_1_197' title='bbox 1753 1496 1785 1545; x_wconf 88' lang='lat' dir='ltr'><strong>ut</strong></span> <span class='ocrx_word' id='word_1_198' title='bbox 1811 1487 1925 1546; x_wconf 77' lang='lat' dir='ltr'><strong>Thomas</strong></span> 
     </span>
     <span class='ocr_line' id='line_1_15' title="bbox 262 1577 1924 1671; baseline -0.01 -18"><span class='ocrx_word' id='word_1_199' title='bbox 262 1597 327 1671; x_wconf 87' lang='lat' dir='ltr'><strong>quia</strong></span> <span class='ocrx_word' id='word_1_200' title='bbox 354 1592 486 1668; x_wconf 78' lang='lat' dir='ltr'><strong>praeteriti</strong></span> <span class='ocrx_word' id='word_1_201' title='bbox 507 1590 639 1663; x_wconf 90' lang='lat' dir='ltr'><strong>temporis</strong></span> <span class='ocrx_word' id='word_1_202' title='bbox 667 1586 833 1660; x_wconf 81' lang='lat' dir='ltr'><strong>significatio</strong></span> <span class='ocrx_word' id='word_1_203' title='bbox 860 1584 981 1652; x_wconf 81' lang='lat' dir='ltr'><strong>uidetur,</strong></span> <span class='ocrx_word' id='word_1_204' title='bbox 1007 1598 1063 1639; x_wconf 94' lang='lat' dir='ltr'><strong>non</strong></span> <span class='ocrx_word' id='word_1_205' title='bbox 1122 1581 1231 1638; x_wconf 88' lang='lat' dir='ltr'><strong>enimus</strong></span> <span class='ocrx_word' id='word_1_206' title='bbox 1256 1580 1422 1649; x_wconf 86' lang='lat' dir='ltr'><strong>firmaretur,</strong></span> <span class='ocrx_word' id='word_1_207' title='bbox 1449 1579 1521 1637; x_wconf 91' lang='lat' dir='ltr'><strong>sicut</strong></span> <span class='ocrx_word' id='word_1_208' title='bbox 1545 1578 1616 1636; x_wconf 88' lang='lat' dir='ltr'><strong>dicit</strong></span> <span class='ocrx_word' id='word_1_209' title='bbox 1642 1577 1760 1634; x_wconf 78' lang='lat' dir='ltr'><strong>loannes</strong></span> <span class='ocrx_word' id='word_1_210' title='bbox 1783 1578 1924 1652; x_wconf 88' lang='lat' dir='ltr'><strong>apostolus</strong></span> 
     </span>
     <span class='ocr_line' id='line_1_16' title="bbox 261 1665 1925 1753; baseline -0.01 -11"><span class='ocrx_word' id='word_1_211' title='bbox 261 1692 302 1742; x_wconf 90' lang='lat' dir='ltr'><strong>est</strong></span> <span class='ocrx_word' id='word_1_212' title='bbox 316 1683 473 1748; x_wconf 77' lang='lat' dir='ltr'><strong>adversum,</strong></span> <span class='ocrx_word' id='word_1_213' title='bbox 486 1678 551 1753; x_wconf 91' lang='lat' dir='ltr'><strong>quia</strong></span> <span class='ocrx_word' id='word_1_214' title='bbox 564 1675 636 1750; x_wconf 89' lang='lat' dir='ltr'><strong>apud</strong></span> <span class='ocrx_word' id='word_1_215' title='bbox 650 1677 749 1745; x_wconf 85' lang='lat' dir='ltr'><strong>Deum,</strong></span> <span class='ocrx_word' id='word_1_216' title='bbox 774 1674 821 1749; x_wconf 89' lang='lat' dir='ltr'><strong>qui</strong></span> <span class='ocrx_word' id='word_1_217' title='bbox 843 1671 969 1729; x_wconf 88' lang='lat' dir='ltr'><strong>omniurn</strong></span> <span class='ocrx_word' id='word_1_218' title='bbox 989 1687 1065 1744; x_wconf 84' lang='lat' dir='ltr'><strong>prae-</strong></span> <span class='ocrx_word' id='word_1_219' title='bbox 1121 1670 1215 1741; x_wconf 75' lang='lat' dir='ltr'><strong>(loon.</strong></span> <span class='ocrx_word' id='word_1_220' title='bbox 1229 1687 1279 1739; x_wconf 84' lang='lat' dir='ltr'><strong>xx,</strong></span> <span class='ocrx_word' id='word_1_221' title='bbox 1295 1669 1353 1742; x_wconf 76' lang='lat'><strong>26).</strong></span> <span class='ocrx_word' id='word_1_222' title='bbox 1368 1669 1400 1726; x_wconf 93' lang='lat' dir='ltr'><strong>ln</strong></span> <span class='ocrx_word' id='word_1_223' title='bbox 1415 1676 1509 1725; x_wconf 88' lang='lat' dir='ltr'><strong>monte</strong></span> <span class='ocrx_word' id='word_1_224' title='bbox 1523 1667 1598 1724; x_wconf 90' lang='lat' dir='ltr'><strong>enirn</strong></span> <span class='ocrx_word' id='word_1_225' title='bbox 1613 1665 1780 1742; x_wconf 75' lang='lat' dir='ltr'><strong>intelligitur</strong></span> <span class='ocrx_word' id='word_1_226' title='bbox 1793 1667 1925 1726; x_wconf 86' lang='lat' dir='ltr'><strong>mandata</strong></span> 
     </span>
     <span class='ocr_line' id='line_1_17' title="bbox 259 1758 1820 1840; baseline -0.01 -8"><span class='ocrx_word' id='word_1_227' title='bbox 259 1775 335 1832; x_wconf 88' lang='lat' dir='ltr'><strong>scius</strong></span> <span class='ocrx_word' id='word_1_228' title='bbox 357 1780 408 1840; x_wconf 90' lang='lat' dir='ltr'><strong>est,</strong></span> <span class='ocrx_word' id='word_1_229' title='bbox 428 1769 500 1826; x_wconf 92' lang='lat' dir='ltr'><strong>nihil</strong></span> <span class='ocrx_word' id='word_1_230' title='bbox 525 1768 649 1823; x_wconf 80' lang='lat' dir='ltr'><strong>futurum</strong></span> <span class='ocrx_word' id='word_1_231' title='bbox 674 1773 729 1832; x_wconf 90' lang='lat' dir='ltr'><strong>est;</strong></span> <span class='ocrx_word' id='word_1_232' title='bbox 750 1764 812 1820; x_wconf 92' lang='lat' dir='ltr'><strong>ideo</strong></span> <span class='ocrx_word' id='word_1_233' title='bbox 835 1763 875 1820; x_wconf 90' lang='lat' dir='ltr'><strong>sic</strong></span> <span class='ocrx_word' id='word_1_234' title='bbox 898 1761 967 1820; x_wconf 89' lang='lat' dir='ltr'><strong>dicit</strong></span> <span class='ocrx_word' id='word_1_235' title='bbox 991 1760 1063 1836; x_wconf 87' lang='lat' dir='ltr'><strong>quod</strong></span> <span class='ocrx_word' id='word_1_236' title='bbox 1083 1775 1104 1836; x_wconf 75' lang='grc' dir='ltr'>Β</span> <span class='ocrx_word' id='word_1_237' title='bbox 1122 1758 1177 1816; x_wconf 90' lang='lat' dir='ltr'><strong>illis</strong></span> <span class='ocrx_word' id='word_1_238' title='bbox 1191 1759 1308 1817; x_wconf 82' lang='lat' dir='ltr'><strong>dedisse.</strong></span> <span class='ocrx_word' id='word_1_239' title='bbox 1813 1799 1820 1810; x_wconf 74' lang='lat'><strong>.</strong></span> 
     </span>
     <span class='ocr_line' id='line_1_18' title="bbox 261 1839 1924 1931; baseline -0.009 -11"><span class='ocrx_word' id='word_1_240' title='bbox 261 1864 387 1920; x_wconf 85' lang='lat' dir='ltr'><strong>futurum</strong></span> <span class='ocrx_word' id='word_1_241' title='bbox 403 1866 444 1917; x_wconf 88' lang='lat' dir='ltr'><strong>est</strong></span> <span class='ocrx_word' id='word_1_242' title='bbox 458 1858 548 1927; x_wconf 88' lang='lat' dir='ltr'><strong>nobis,</strong></span> <span class='ocrx_word' id='word_1_243' title='bbox 564 1856 644 1931; x_wconf 87' lang='lat' dir='ltr'><strong>&#39;quasi</strong></span> <span class='ocrx_word' id='word_1_244' title='bbox 656 1855 760 1913; x_wconf 87' lang='lat' dir='ltr'><strong>facturn</strong></span> <span class='ocrx_word' id='word_1_245' title='bbox 776 1855 822 1911; x_wconf 91' lang='lat' dir='ltr'><strong>sit.</strong></span> <span class='ocrx_word' id='word_1_246' title='bbox 838 1852 906 1909; x_wconf 87' lang='lat' dir='ltr'><strong>Nam</strong></span> <span class='ocrx_word' id='word_1_247' title='bbox 930 1850 960 1907; x_wconf 92' lang='lat' dir='ltr'><strong>in</strong></span> <span class='ocrx_word' id='word_1_248' title='bbox 983 1852 1065 1923; x_wconf 89' lang='lat' dir='ltr'><strong>Apo·</strong></span> <span class='ocrx_word' id='word_1_249' title='bbox 1156 1848 1248 1919; x_wconf 84' lang='lat' dir='ltr'><strong>(Vere.</strong></span> <span class='ocrx_word' id='word_1_250' title='bbox 1264 1847 1306 1921; x_wconf 90' lang='lat'><strong>8.)</strong></span> <span class='ocrx_word' id='word_1_251' title='bbox 1330 1847 1508 1904; x_wconf 71' lang='lat' dir='ltr'><strong>«Novissime</strong></span> <span class='ocrx_word' id='word_1_252' title='bbox 1526 1839 1618 1905; x_wconf 72' lang='lat' dir='ltr'><strong>antem</strong></span> <span class='ocrx_word' id='word_1_253' title='bbox 1636 1845 1761 1904; x_wconf 90' lang='lat' dir='ltr'><strong>omniurn</strong></span> <span class='ocrx_word' id='word_1_254' title='bbox 1774 1847 1852 1920; x_wconf 81' lang='lat' dir='ltr'><strong>quasi</strong></span> <span class='ocrx_word' id='word_1_255' title='bbox 1865 1848 1924 1905; x_wconf 83' lang='lat' dir='ltr'><strong>eb-</strong></span> 
     </span>
     <span class='ocr_line' id='line_1_19' title="bbox 260 1936 1922 2026; baseline -0.009 -16"><span class='ocrx_word' id='word_1_256' title='bbox 260 1951 365 2026; x_wconf 83' lang='lat' dir='ltr'><strong>calypsi</strong></span> <span class='ocrx_word' id='word_1_257' title='bbox 382 1950 495 2008; x_wconf 80' lang='lat' dir='ltr'><strong>loannis</strong></span> <span class='ocrx_word' id='word_1_258' title='bbox 509 1948 627 2021; x_wconf 89' lang='lat' dir='ltr'><strong>apostoli</strong></span> <span class='ocrx_word' id='word_1_259' title='bbox 639 1946 743 2004; x_wconf 89' lang='lat' dir='ltr'><strong>dicitur</strong></span> <span class='ocrx_word' id='word_1_260' title='bbox 759 1963 765 2002; x_wconf 95' lang='lat'>:</span> <span class='ocrx_word' id='word_1_261' title='bbox 788 1971 797 1993; x_wconf 82' lang='grc' dir='ltr'><strong><em>ι</em></strong></span> <span class='ocrx_word' id='word_1_262' title='bbox 814 1947 909 2018; x_wconf 90' lang='lat' dir='ltr'><strong>Agnus</strong></span> <span class='ocrx_word' id='word_1_263' title='bbox 921 1943 969 2016; x_wconf 89' lang='lat' dir='ltr'><strong>qni</strong></span> <span class='ocrx_word' id='word_1_264' title='bbox 985 1943 1063 1999; x_wconf 89' lang='lat' dir='ltr'><strong>oeci-</strong></span> <span class='ocrx_word' id='word_1_265' title='bbox 1120 1938 1211 1996; x_wconf 86' lang='lat' dir='ltr'><strong>ortiuo</strong></span> <span class='ocrx_word' id='word_1_266' title='bbox 1226 1939 1303 1996; x_wconf 83' lang='lat' dir='ltr'><strong>visus</strong></span> <span class='ocrx_word' id='word_1_267' title='bbox 1317 1946 1358 1995; x_wconf 91' lang='lat' dir='ltr'><strong>est</strong></span> <span class='ocrx_word' id='word_1_268' title='bbox 1370 1936 1489 1995; x_wconf 90' lang='lat' dir='ltr'><strong>etmihi.</strong></span> <span class='ocrx_word' id='word_1_269' title='bbox 1514 1961 1523 1985; x_wconf 73' lang='grc' dir='ltr'><strong><em>ι</em></strong></span> <span class='ocrx_word' id='word_1_270' title='bbox 1550 1937 1686 2010; x_wconf 79' lang='lat' dir='ltr'><strong>Apparuit</strong></span> <span class='ocrx_word' id='word_1_271' title='bbox 1697 1936 1741 1993; x_wconf 94' lang='lat' dir='ltr'><strong>illi</strong></span> <span class='ocrx_word' id='word_1_272' title='bbox 1755 1936 1876 2011; x_wconf 90' lang='lat' dir='ltr'><strong>primum</strong></span> <span class='ocrx_word' id='word_1_273' title='bbox 1891 1938 1922 1996; x_wconf 91' lang='lat' dir='ltr'><strong>in</strong></span> 
     </span>
     <span class='ocr_line' id='line_1_20' title="bbox 260 2025 1919 2106; baseline -0.01 -7"><span class='ocrx_word' id='word_1_274' title='bbox 260 2059 307 2099; x_wconf 90' lang='lat' dir='ltr'><strong>sus</strong></span> <span class='ocrx_word' id='word_1_275' title='bbox 330 2049 370 2098; x_wconf 90' lang='lat' dir='ltr'><strong>est</strong></span> <span class='ocrx_word' id='word_1_276' title='bbox 397 2057 413 2095; x_wconf 94' lang='lat' dir='ltr'><strong>a</strong></span> <span class='ocrx_word' id='word_1_277' title='bbox 439 2038 637 2098; x_wconf 87' lang='lat' dir='ltr'><strong>constitutione</strong></span> <span class='ocrx_word' id='word_1_278' title='bbox 664 2035 762 2092; x_wconf 91' lang='lat' dir='ltr'><strong>mundi</strong></span> <span class='ocrx_word' id='word_1_279' title='bbox 784 2033 879 2106; x_wconf 88' lang='lat' dir='ltr'><strong>(Apoc.</strong></span> <span class='ocrx_word' id='word_1_280' title='bbox 903 2049 968 2102; x_wconf 88' lang='lat' dir='ltr'><strong>xrrr,</strong></span> <span class='ocrx_word' id='word_1_281' title='bbox 988 2032 1030 2104; x_wconf 90' lang='lat'><strong>8).</strong></span> <span class='ocrx_word' id='word_1_282' title='bbox 1047 2056 1057 2080; x_wconf 77' lang='grc' dir='ltr'><strong><em>ι</em></strong></span> <span class='ocrx_word' id='word_1_283' title='bbox 1119 2028 1189 2086; x_wconf 86' lang='grc'><strong>66616</strong></span> <span class='ocrx_word' id='word_1_284' title='bbox 1209 2029 1279 2101; x_wconf 79' lang='lat' dir='ltr'><strong>(Act.</strong></span> <span class='ocrx_word' id='word_1_285' title='bbox 1296 2044 1336 2097; x_wconf 87' lang='lat' dir='ltr'><strong>rx,</strong></span> <span class='ocrx_word' id='word_1_286' title='bbox 1351 2027 1392 2100; x_wconf 80' lang='grc'><strong>6),</strong></span> <span class='ocrx_word' id='word_1_287' title='bbox 1413 2035 1475 2102; x_wconf 91' lang='lat' dir='ltr'><strong>post</strong></span> <span class='ocrx_word' id='word_1_288' title='bbox 1488 2025 1579 2082; x_wconf 86' lang='lat' dir='ltr'><strong>oranti</strong></span> <span class='ocrx_word' id='word_1_289' title='bbox 1593 2025 1622 2082; x_wconf 93' lang='lat' dir='ltr'><strong>in</strong></span> <span class='ocrx_word' id='word_1_290' title='bbox 1639 2027 1742 2100; x_wconf 90' lang='lat' dir='ltr'><strong>templo</strong></span> <span class='ocrx_word' id='word_1_291' title='bbox 1758 2026 1832 2098; x_wconf 87' lang='lat' dir='ltr'><strong>(Act.</strong></span> <span class='ocrx_word' id='word_1_292' title='bbox 1846 2043 1919 2095; x_wconf 83' lang='lat' dir='ltr'><strong>xxrr,</strong></span> 
     </span>
     <span class='ocr_line' id='line_1_21' title="bbox 259 2114 1920 2199; baseline -0.008 -12"><span class='ocrx_word' id='word_1_293' title='bbox 259 2130 330 2199; x_wconf 84' lang='lat' dir='ltr'><strong>Quia</strong></span> <span class='ocrx_word' id='word_1_294' title='bbox 343 2129 416 2186; x_wconf 89' lang='lat' dir='ltr'><strong>enim</strong></span> <span class='ocrx_word' id='word_1_295' title='bbox 432 2129 512 2185; x_wconf 90' lang='lat' dir='ltr'><strong>aliter</strong></span> <span class='ocrx_word' id='word_1_296' title='bbox 526 2144 582 2184; x_wconf 92' lang='lat' dir='ltr'><strong>non</strong></span> <span class='ocrx_word' id='word_1_297' title='bbox 597 2127 655 2196; x_wconf 85' lang='lat' dir='ltr'><strong>liet,</strong></span> <span class='ocrx_word' id='word_1_298' title='bbox 671 2142 753 2199; x_wconf 88' lang='lat' dir='ltr'><strong>quum</strong></span> <span class='ocrx_word' id='word_1_299' title='bbox 778 2124 829 2180; x_wconf 87' lang='lat' dir='ltr'><strong>scit</strong></span> <span class='ocrx_word' id='word_1_300' title='bbox 850 2125 934 2191; x_wconf 88' lang='lat' dir='ltr'><strong>Deus,</strong></span> <span class='ocrx_word' id='word_1_301' title='bbox 957 2121 1063 2178; x_wconf 87' lang='lat' dir='ltr'><strong>iactum</strong></span> <span class='ocrx_word' id='word_1_302' title='bbox 1121 2116 1231 2191; x_wconf 81' lang='lat' dir='ltr'><strong>tr-tt).</strong></span> <span class='ocrx_word' id='word_1_303' title='bbox 1244 2117 1410 2175; x_wconf 83' lang='lat' dir='ltr'><strong>Abortiunm</strong></span> <span class='ocrx_word' id='word_1_304' title='bbox 1420 2133 1449 2174; x_wconf 89' lang='lat' dir='ltr'><strong>se</strong></span> <span class='ocrx_word' id='word_1_305' title='bbox 1462 2115 1546 2185; x_wconf 88' lang='lat' dir='ltr'><strong>dixit,</strong></span> <span class='ocrx_word' id='word_1_306' title='bbox 1557 2114 1623 2190; x_wconf 79' lang='lat' dir='ltr'><strong>guia</strong></span> <span class='ocrx_word' id='word_1_307' title='bbox 1632 2122 1711 2173; x_wconf 82' lang='lat' dir='ltr'><strong>extra</strong></span> <span class='ocrx_word' id='word_1_308' title='bbox 1720 2123 1828 2189; x_wconf 86' lang='lat' dir='ltr'><strong>tempus</strong></span> <span class='ocrx_word' id='word_1_309' title='bbox 1838 2124 1920 2174; x_wconf 87' lang='lat' dir='ltr'><strong>uatus</strong></span> 
     </span>
     <span class='ocr_line' id='line_1_22' title="bbox 259 2204 1920 2292; baseline -0.007 -14"><span class='ocrx_word' id='word_1_310' title='bbox 259 2211 381 2292; x_wconf 73' lang='lat' dir='ltr'><strong>dio&#39;i&#39;tur;</strong></span> <span class='ocrx_word' id='word_1_311' title='bbox 402 2219 483 2276; x_wconf 91' lang='lat' dir='ltr'><strong>nobis</strong></span> <span class='ocrx_word' id='word_1_312' title='bbox 505 2217 578 2275; x_wconf 90' lang='lat' dir='ltr'><strong>enirn</strong></span> <span class='ocrx_word' id='word_1_313' title='bbox 595 2217 636 2287; x_wconf 89' lang='lat' dir='ltr'><strong>lit,</strong></span> <span class='ocrx_word' id='word_1_314' title='bbox 652 2231 708 2273; x_wconf 91' lang='lat' dir='ltr'><strong>non</strong></span> <span class='ocrx_word' id='word_1_315' title='bbox 722 2217 790 2284; x_wconf 91' lang='lat' dir='ltr'><strong>Deo,</strong></span> <span class='ocrx_word' id='word_1_316' title='bbox 806 2213 871 2287; x_wconf 89' lang='lat' dir='ltr'><strong>qnia</strong></span> <span class='ocrx_word' id='word_1_317' title='bbox 886 2211 958 2283; x_wconf 89' lang='lat' dir='ltr'><strong>apud</strong></span> <span class='ocrx_word' id='word_1_318' title='bbox 973 2213 1063 2267; x_wconf 90' lang='lat' dir='ltr'><strong>Deum</strong></span> <span class='ocrx_word' id='word_1_319' title='bbox 1119 2207 1148 2263; x_wconf 93' lang='lat' dir='ltr'><strong>in</strong></span> <span class='ocrx_word' id='word_1_320' title='bbox 1159 2207 1280 2274; x_wconf 87' lang='lat' dir='ltr'><strong>Christo,</strong></span> <span class='ocrx_word' id='word_1_321' title='bbox 1288 2209 1471 2281; x_wconf 89' lang='lat' dir='ltr'><strong>apostolatum</strong></span> <span class='ocrx_word' id='word_1_322' title='bbox 1480 2205 1587 2279; x_wconf 83' lang='lat' dir='ltr'><strong>aceepit</strong></span> <span class='ocrx_word' id='word_1_323' title='bbox 1592 2205 1649 2277; x_wconf 84' lang='lat' dir='ltr'><strong>jam</strong></span> <span class='ocrx_word' id='word_1_324' title='bbox 1665 2204 1778 2265; x_wconf 82' lang='lat' dir='ltr'><strong>Christo</strong></span> <span class='ocrx_word' id='word_1_325' title='bbox 1792 2206 1821 2264; x_wconf 94' lang='lat' dir='ltr'><strong>in</strong></span> <span class='ocrx_word' id='word_1_326' title='bbox 1835 2207 1920 2268; x_wconf 82' lang='lat' dir='ltr'><strong>costos</strong></span> 
     </span>
     <span class='ocr_line' id='line_1_23' title="bbox 259 2300 1413 2384; baseline -0.008 -17"><span class='ocrx_word' id='word_1_327' title='bbox 259 2309 330 2367; x_wconf 93' lang='lat' dir='ltr'><strong>nihil</strong></span> <span class='ocrx_word' id='word_1_328' title='bbox 350 2317 400 2379; x_wconf 90' lang='lat' dir='ltr'><strong>est,</strong></span> <span class='ocrx_word' id='word_1_329' title='bbox 416 2309 489 2384; x_wconf 91' lang='lat' dir='ltr'><strong>quod</strong></span> <span class='ocrx_word' id='word_1_330' title='bbox 505 2308 629 2365; x_wconf 83' lang='lat' dir='ltr'><strong>futurum</strong></span> <span class='ocrx_word' id='word_1_331' title='bbox 644 2306 763 2363; x_wconf 85' lang='lat' dir='ltr'><strong>dicatur.</strong></span> <span class='ocrx_word' id='word_1_332' title='bbox 780 2305 816 2360; x_wconf 79' lang='lat' dir='ltr'><strong>lit</strong></span> <span class='ocrx_word' id='word_1_333' title='bbox 829 2305 858 2360; x_wconf 93' lang='lat' dir='ltr'><strong>in</strong></span> <span class='ocrx_word' id='word_1_334' title='bbox 877 2302 987 2359; x_wconf 89' lang='lat' dir='ltr'><strong>Psalmo</strong></span> <span class='ocrx_word' id='word_1_335' title='bbox 1005 2300 1062 2374; x_wconf 56' lang='lat' dir='ltr'><strong>ait:</strong></span> <span class='ocrx_word' id='word_1_336' title='bbox 1118 2308 1227 2372; x_wconf 89' lang='lat' dir='ltr'><strong>recepto</strong></span> <span class='ocrx_word' id='word_1_337' title='bbox 1242 2315 1305 2358; x_wconf 89' lang='lat' dir='ltr'><strong>cum</strong></span> <span class='ocrx_word' id='word_1_338' title='bbox 1320 2315 1413 2358; x_wconf 88' lang='lat' dir='ltr'><strong>carue.</strong></span> 
     </span>
     <span class='ocr_line' id='line_1_24' title="bbox 265 2390 1918 2473; baseline -0.006 -16"><span class='ocrx_word' id='word_1_339' title='bbox 265 2399 433 2469; x_wconf 76' lang='lat' dir='ltr'><strong>«Dominus¹</strong></span> <span class='ocrx_word' id='word_1_340' title='bbox 446 2398 572 2471; x_wconf 86' lang='lat' dir='ltr'><strong>regnavit</strong></span> <span class='ocrx_word' id='word_1_341' title='bbox 588 2396 692 2469; x_wconf 88' lang='lat' dir='ltr'><strong>aligno</strong></span> <span class='ocrx_word' id='word_1_342' title='bbox 715 2395 803 2467; x_wconf 79' lang='lat' dir='ltr'><strong>(Ptol.</strong></span> <span class='ocrx_word' id='word_1_343' title='bbox 824 2409 902 2462; x_wconf 88' lang='lat' dir='ltr'><strong>xcvr,</strong></span> <span class='ocrx_word' id='word_1_344' title='bbox 928 2391 968 2464; x_wconf 87' lang='lat' dir='ltr'><strong>l).</strong></span> <span class='ocrx_word' id='word_1_345' title='bbox 991 2415 1001 2438; x_wconf 84' lang='lat'><strong>·</strong></span> <span class='ocrx_word' id='word_1_346' title='bbox 1028 2390 1065 2448; x_wconf 87' lang='lat' dir='ltr'><strong>Et</strong></span> <span class='ocrx_word' id='word_1_347' title='bbox 1156 2399 1285 2473; x_wconf 58' lang='lat' dir='ltr'><strong>(Ver-sm,</strong></span> <span class='ocrx_word' id='word_1_348' title='bbox 1303 2399 1360 2472; x_wconf 72' lang='grc' dir='ltr'><strong><em>ιο.)</em></strong></span> <span class='ocrx_word' id='word_1_349' title='bbox 1384 2398 1461 2470; x_wconf 72' lang='lat' dir='ltr'><strong>«Ego</strong></span> <span class='ocrx_word' id='word_1_350' title='bbox 1480 2396 1629 2455; x_wconf 72' lang='lat' dir='ltr'><strong>enimcum</strong></span> <span class='ocrx_word' id='word_1_351' title='bbox 1645 2395 1778 2456; x_wconf 71' lang='lat' dir='ltr'><strong>minimus</strong></span> <span class='ocrx_word' id='word_1_352' title='bbox 1792 2399 1918 2457; x_wconf 75' lang='lat' dir='ltr'><strong>omnium</strong></span> 
     </span>
     <span class='ocr_line' id='line_1_25' title="bbox 258 2481 1920 2563; baseline -0.003 -11"><span class='ocrx_word' id='word_1_353' title='bbox 258 2491 367 2562; x_wconf 75' lang='lat' dir='ltr'><strong>Moyses</strong></span> <span class='ocrx_word' id='word_1_354' title='bbox 398 2489 431 2546; x_wconf 76' lang='lat' dir='ltr'><strong>de</strong></span> <span class='ocrx_word' id='word_1_355' title='bbox 462 2503 542 2545; x_wconf 72' lang='lat' dir='ltr'><strong>cruce</strong></span> <span class='ocrx_word' id='word_1_356' title='bbox 570 2486 629 2558; x_wconf 70' lang='lat' dir='ltr'><strong>ejus</strong></span> <span class='ocrx_word' id='word_1_357' title='bbox 660 2486 699 2542; x_wconf 66' lang='lat' dir='ltr'><strong>iit</strong></span> <span class='ocrx_word' id='word_1_358' title='bbox 725 2482 917 2558; x_wconf 60' lang='lat' dir='ltr'><strong>tisssslfissalili</strong></span> <span class='ocrx_word' id='word_1_359' title='bbox 943 2481 1061 2538; x_wconf 72' lang='lat' dir='ltr'><strong>di⁰⁰¹¹⁵³</strong></span> <span class='ocrx_word' id='word_1_360' title='bbox 1117 2489 1303 2562; x_wconf 87' lang='lat' dir='ltr'><strong>apostolorum</strong></span> <span class='ocrx_word' id='word_1_361' title='bbox 1325 2489 1396 2561; x_wconf 82' lang='grc'><strong>(66).</strong></span> <span class='ocrx_word' id='word_1_362' title='bbox 1418 2513 1428 2537; x_wconf 82' lang='grc' dir='ltr'><strong><em>ι</em></strong></span> <span class='ocrx_word' id='word_1_363' title='bbox 1452 2485 1588 2544; x_wconf 87' lang='lat' dir='ltr'><strong>Humiliat</strong></span> <span class='ocrx_word' id='word_1_364' title='bbox 1603 2501 1642 2556; x_wconf 87' lang='lat' dir='ltr'><strong>se,</strong></span> <span class='ocrx_word' id='word_1_365' title='bbox 1657 2495 1685 2544; x_wconf 91' lang='lat' dir='ltr'><strong>et</strong></span> <span class='ocrx_word' id='word_1_366' title='bbox 1698 2489 1830 2563; x_wconf 86' lang='lat' dir='ltr'><strong>temporis</strong></span> <span class='ocrx_word' id='word_1_367' title='bbox 1847 2505 1920 2547; x_wconf 85' lang='lat' dir='ltr'><strong>cau-</strong></span> 
     </span>
     <span class='ocr_line' id='line_1_26' title="bbox 266 2571 1918 2650; baseline 0 -14"><span class='ocrx_word' id='word_1_368' title='bbox 266 2581 367 2636; x_wconf 83' lang='lat' dir='ltr'><strong>·Tunc</strong></span> <span class='ocrx_word' id='word_1_369' title='bbox 391 2577 522 2634; x_wconf 83' lang='lat' dir='ltr'><strong>videbitis</strong></span> <span class='ocrx_word' id='word_1_370' title='bbox 548 2576 635 2632; x_wconf 86' lang='lat' dir='ltr'><strong>uitam</strong></span> <span class='ocrx_word' id='word_1_371' title='bbox 658 2584 778 2632; x_wconf 83' lang='lat' dir='ltr'><strong>vestram</strong></span> <span class='ocrx_word' id='word_1_372' title='bbox 806 2571 968 2646; x_wconf 86' lang='lat' dir='ltr'><strong>prudentem</strong></span> <span class='ocrx_word' id='word_1_373' title='bbox 999 2579 1062 2628; x_wconf 78' lang='lat' dir='ltr'><strong>onte</strong></span> <span class='ocrx_word' id='word_1_374' title='bbox 1117 2595 1174 2635; x_wconf 88' lang='lat' dir='ltr'><strong>sem</strong></span> <span class='ocrx_word' id='word_1_375' title='bbox 1198 2577 1252 2634; x_wconf 92' lang='lat' dir='ltr'><strong>sibi</strong></span> <span class='ocrx_word' id='word_1_376' title='bbox 1277 2577 1406 2646; x_wconf 88' lang='lat' dir='ltr'><strong>ascribit;</strong></span> <span class='ocrx_word' id='word_1_377' title='bbox 1426 2587 1548 2650; x_wconf 88' lang='lat' dir='ltr'><strong>tempore</strong></span> <span class='ocrx_word' id='word_1_378' title='bbox 1570 2577 1644 2633; x_wconf 92' lang='lat' dir='ltr'><strong>enim</strong></span> <span class='ocrx_word' id='word_1_379' title='bbox 1666 2576 1758 2634; x_wconf 88' lang='lat' dir='ltr'><strong>rniuor</strong></span> <span class='ocrx_word' id='word_1_380' title='bbox 1785 2587 1835 2648; x_wconf 87' lang='lat' dir='ltr'><strong>est,</strong></span> <span class='ocrx_word' id='word_1_381' title='bbox 1860 2594 1918 2636; x_wconf 93' lang='lat' dir='ltr'><strong>non</strong></span> 
     </span>
     <span class='ocr_line' id='line_1_27' title="bbox 259 2663 1916 2742; baseline 0.001 -20"><span class='ocrx_word' id='word_1_382' title='bbox 259 2669 353 2726; x_wconf 90' lang='lat' dir='ltr'><strong>oculos</strong></span> <span class='ocrx_word' id='word_1_383' title='bbox 367 2675 483 2735; x_wconf 84' lang='lat' dir='ltr'><strong>vestros,</strong></span> <span class='ocrx_word' id='word_1_384' title='bbox 500 2674 527 2723; x_wconf 87' lang='lat' dir='ltr'><strong>et</strong></span> <span class='ocrx_word' id='word_1_385' title='bbox 541 2681 597 2722; x_wconf 94' lang='lat' dir='ltr'><strong>non</strong></span> <span class='ocrx_word' id='word_1_386' title='bbox 611 2664 728 2722; x_wconf 87' lang='lat' dir='ltr'><strong>credetis</strong></span> <span class='ocrx_word' id='word_1_387' title='bbox 742 2665 835 2736; x_wconf 81' lang='lat' dir='ltr'><strong>(Dent.</strong></span> <span class='ocrx_word' id='word_1_388' title='bbox 851 2679 953 2731; x_wconf 82' lang='lat' dir='ltr'><strong>xxvrrr,</strong></span> <span class='ocrx_word' id='word_1_389' title='bbox 969 2663 1029 2734; x_wconf 84' lang='grc'><strong>66).</strong></span> <span class='ocrx_word' id='word_1_390' title='bbox 1045 2687 1054 2708; x_wconf 67' lang='grc' dir='ltr'><strong><em>ι</em></strong></span> <span class='ocrx_word' id='word_1_391' title='bbox 1116 2669 1259 2742; x_wconf 90' lang='lat' dir='ltr'><strong>dignitate.</strong></span> <span class='ocrx_word' id='word_1_392' title='bbox 1278 2668 1330 2726; x_wconf 90' lang='lat' dir='ltr'><strong>Sed</strong></span> <span class='ocrx_word' id='word_1_393' title='bbox 1345 2669 1410 2742; x_wconf 87' lang='lat' dir='ltr'><strong>quia</strong></span> <span class='ocrx_word' id='word_1_394' title='bbox 1424 2676 1451 2725; x_wconf 95' lang='lat' dir='ltr'><strong>et</strong></span> <span class='ocrx_word' id='word_1_395' title='bbox 1465 2677 1623 2742; x_wconf 87' lang='lat' dir='ltr'><strong>persecutor</strong></span> <span class='ocrx_word' id='word_1_396' title='bbox 1646 2667 1710 2738; x_wconf 83' lang='lat' dir='ltr'><strong>fuit,</strong></span> <span class='ocrx_word' id='word_1_397' title='bbox 1737 2668 1852 2726; x_wconf 89' lang='lat' dir='ltr'><strong>inclinat</strong></span> <span class='ocrx_word' id='word_1_398' title='bbox 1875 2685 1916 2737; x_wconf 91' lang='lat' dir='ltr'><strong>se,</strong></span> 
     </span>
     <span class='ocr_line' id='line_1_28' title="bbox 258 2751 1916 2833; baseline -0.004 -19"><span class='ocrx_word' id='word_1_399' title='bbox 258 2757 364 2815; x_wconf 88' lang='lat' dir='ltr'><strong>ldcireo</strong></span> <span class='ocrx_word' id='word_1_400' title='bbox 381 2755 456 2814; x_wconf 90' lang='lat' dir='ltr'><strong>enim</strong></span> <span class='ocrx_word' id='word_1_401' title='bbox 479 2755 508 2811; x_wconf 94' lang='lat' dir='ltr'><strong>in</strong></span> <span class='ocrx_word' id='word_1_402' title='bbox 532 2754 624 2812; x_wconf 87' lang='lat' dir='ltr'><strong>eadem</strong></span> <span class='ocrx_word' id='word_1_403' title='bbox 649 2771 731 2811; x_wconf 90' lang='lat' dir='ltr'><strong>causa</strong></span> <span class='ocrx_word' id='word_1_404' title='bbox 757 2761 784 2810; x_wconf 86' lang='lat' dir='ltr'><strong>et</strong></span> <span class='ocrx_word' id='word_1_405' title='bbox 813 2752 899 2810; x_wconf 80' lang='lat' dir='ltr'><strong>futuri</strong></span> <span class='ocrx_word' id='word_1_406' title='bbox 929 2751 1061 2824; x_wconf 88' lang='lat' dir='ltr'><strong>temporis</strong></span> <span class='ocrx_word' id='word_1_407' title='bbox 1116 2759 1232 2816; x_wconf 71' lang='lat' dir='ltr'><strong>dicens:</strong></span> <span class='ocrx_word' id='word_1_408' title='bbox 1256 2759 1334 2827; x_wconf 65' lang='lat' dir='ltr'><strong>‹Qui</strong></span> <span class='ocrx_word' id='word_1_409' title='bbox 1357 2774 1413 2815; x_wconf 83' lang='lat' dir='ltr'><strong>non</strong></span> <span class='ocrx_word' id='word_1_410' title='bbox 1440 2775 1500 2816; x_wconf 81' lang='lat' dir='ltr'><strong>sum</strong></span> <span class='ocrx_word' id='word_1_411' title='bbox 1524 2758 1625 2833; x_wconf 73' lang='lat' dir='ltr'><strong>dignus</strong></span> <span class='ocrx_word' id='word_1_412' title='bbox 1648 2759 1741 2817; x_wconf 73' lang='lat' dir='ltr'><strong>vocari</strong></span> <span class='ocrx_word' id='word_1_413' title='bbox 1764 2759 1916 2833; x_wconf 69' lang='lat' dir='ltr'><strong>apostolus,</strong></span> 
     </span>
     <span class='ocr_line' id='line_1_29' title="bbox 258 2842 1919 2924; baseline -0.003 -21"><span class='ocrx_word' id='word_1_414' title='bbox 258 2846 407 2920; x_wconf 87' lang='lat' dir='ltr'><strong>aliquando</strong></span> <span class='ocrx_word' id='word_1_415' title='bbox 430 2844 614 2919; x_wconf 87' lang='lat' dir='ltr'><strong>significantia</strong></span> <span class='ocrx_word' id='word_1_416' title='bbox 634 2845 758 2918; x_wconf 91' lang='lat' dir='ltr'><strong>ponitur,</strong></span> <span class='ocrx_word' id='word_1_417' title='bbox 774 2859 808 2900; x_wconf 91' lang='lat' dir='ltr'><strong>ne</strong></span> <span class='ocrx_word' id='word_1_418' title='bbox 822 2860 838 2899; x_wconf 90' lang='lat' dir='ltr'><strong>a</strong></span> <span class='ocrx_word' id='word_1_419' title='bbox 853 2842 989 2916; x_wconf 86' lang='lat' dir='ltr'><strong>perversis</strong></span> <span class='ocrx_word' id='word_1_420' title='bbox 1004 2857 1060 2896; x_wconf 93' lang='lat' dir='ltr'><strong>non</strong></span> <span class='ocrx_word' id='word_1_421' title='bbox 1115 2850 1245 2924; x_wconf 73' lang='lat' dir='ltr'><strong>quonjam</strong></span> <span class='ocrx_word' id='word_1_422' title='bbox 1278 2857 1436 2924; x_wconf 66' lang='lat' dir='ltr'><strong>persecutus</strong></span> <span class='ocrx_word' id='word_1_423' title='bbox 1463 2865 1525 2906; x_wconf 76' lang='lat' dir='ltr'><strong>sum</strong></span> <span class='ocrx_word' id='word_1_424' title='bbox 1551 2847 1703 2906; x_wconf 69' lang='lat' dir='ltr'><strong>Ecclesiam</strong></span> <span class='ocrx_word' id='word_1_425' title='bbox 1731 2848 1792 2906; x_wconf 72' lang='lat' dir='ltr'><strong>Dei,</strong></span> <span class='ocrx_word' id='word_1_426' title='bbox 1821 2845 1919 2905; x_wconf 80' lang='lat' dir='ltr'><strong>Gratia</strong></span> 
     </span>
     <span class='ocr_line' id='line_1_30' title="bbox 258 2929 1918 3013; baseline -0.008 -22"><span class='ocrx_word' id='word_1_427' title='bbox 258 2934 291 2991; x_wconf 89' lang='lat' dir='ltr'><strong>de</strong></span> <span class='ocrx_word' id='word_1_428' title='bbox 317 2933 427 2992; x_wconf 84' lang='lat' dir='ltr'><strong>Christo</strong></span> <span class='ocrx_word' id='word_1_429' title='bbox 453 2934 559 2991; x_wconf 90' lang='lat' dir='ltr'><strong>dictum</strong></span> <span class='ocrx_word' id='word_1_430' title='bbox 589 2933 793 3002; x_wconf 80' lang='lat' dir='ltr'><strong>defenderetur,</strong></span> <span class='ocrx_word' id='word_1_431' title='bbox 824 2932 846 2988; x_wconf 93' lang='lat' dir='ltr'><strong>si</strong></span> <span class='ocrx_word' id='word_1_432' title='bbox 875 2939 964 2989; x_wconf 89' lang='lat' dir='ltr'><strong>totum</strong></span> <span class='ocrx_word' id='word_1_433' title='bbox 981 2929 1059 3005; x_wconf 86' lang='lat' dir='ltr'><strong>quasi</strong></span> <span class='ocrx_word' id='word_1_434' title='bbox 1114 2947 1205 2998; x_wconf 63' lang='lat' dir='ltr'><strong>autem</strong></span> <span class='ocrx_word' id='word_1_435' title='bbox 1232 2937 1283 2997; x_wconf 64' lang='lat' dir='ltr'><strong>Dei</strong></span> <span class='ocrx_word' id='word_1_436' title='bbox 1311 2955 1372 2997; x_wconf 69' lang='lat' dir='ltr'><strong>sum</strong></span> <span class='ocrx_word' id='word_1_437' title='bbox 1400 2938 1428 2996; x_wconf 78' lang='lat' dir='ltr'><strong>id</strong></span> <span class='ocrx_word' id='word_1_438' title='bbox 1458 2939 1531 3013; x_wconf 74' lang='lat' dir='ltr'><strong>quod</strong></span> <span class='ocrx_word' id='word_1_439' title='bbox 1560 2954 1630 2996; x_wconf 70' lang='lat' dir='ltr'><strong>gum,</strong></span> <span class='ocrx_word' id='word_1_440' title='bbox 1660 2962 1669 2986; x_wconf 86' lang='lat'>.</span> <span class='ocrx_word' id='word_1_441' title='bbox 1694 2938 1752 2995; x_wconf 67' lang='lat' dir='ltr'><strong>Deo</strong></span> <span class='ocrx_word' id='word_1_442' title='bbox 1782 2935 1831 2994; x_wconf 68' lang='lat' dir='ltr'><strong>(lag</strong></span> <span class='ocrx_word' id='word_1_443' title='bbox 1859 2937 1918 3010; x_wconf 73' lang='lat'>8¹⁰·</span> 
     </span>
     <span class='ocr_line' id='line_1_31' title="bbox 258 3021 1917 3104; baseline 0.003 -27"><span class='ocrx_word' id='word_1_444' title='bbox 258 3022 427 3094; x_wconf 80' lang='lat' dir='ltr'><strong>praeteritum</strong></span> <span class='ocrx_word' id='word_1_445' title='bbox 445 3021 622 3094; x_wconf 85' lang='lat' dir='ltr'><strong>significaret.</strong></span> <span class='ocrx_word' id='word_1_446' title='bbox 1113 3031 1194 3101; x_wconf 89' lang='lat' dir='ltr'><strong>riam,</strong></span> <span class='ocrx_word' id='word_1_447' title='bbox 1210 3030 1257 3104; x_wconf 88' lang='lat' dir='ltr'><strong>qui</strong></span> <span class='ocrx_word' id='word_1_448' title='bbox 1273 3045 1336 3087; x_wconf 88' lang='grc'><strong>666</strong></span> <span class='ocrx_word' id='word_1_449' title='bbox 1351 3028 1443 3104; x_wconf 89' lang='lat' dir='ltr'><strong>elegit,</strong></span> <span class='ocrx_word' id='word_1_450' title='bbox 1458 3037 1486 3085; x_wconf 90' lang='lat' dir='ltr'><strong>et</strong></span> <span class='ocrx_word' id='word_1_451' title='bbox 1498 3027 1658 3102; x_wconf 87' lang='lat' dir='ltr'><strong>dignitatern</strong></span> <span class='ocrx_word' id='word_1_452' title='bbox 1674 3041 1751 3083; x_wconf 87' lang='lat' dir='ltr'><strong>suam</strong></span> <span class='ocrx_word' id='word_1_453' title='bbox 1775 3040 1833 3082; x_wconf 93' lang='lat' dir='ltr'><strong>non</strong></span> <span class='ocrx_word' id='word_1_454' title='bbox 1860 3023 1917 3082; x_wconf 87' lang='lat' dir='ltr'><strong>sihi</strong></span> 
     </span>
     <span class='ocr_line' id='line_1_32' title="bbox 295 3109 1916 3192; baseline 0.003 -25"><span class='ocrx_word' id='word_1_455' title='bbox 295 3111 385 3184; x_wconf 80' lang='lat' dir='ltr'><strong>(Vere.</strong></span> <span class='ocrx_word' id='word_1_456' title='bbox 402 3109 443 3183; x_wconf 81' lang='lat' dir='ltr'><strong>i.)</strong></span> <span class='ocrx_word' id='word_1_457' title='bbox 464 3111 522 3167; x_wconf 80' lang='lat' dir='ltr'><strong>«nt</strong></span> <span class='ocrx_word' id='word_1_458' title='bbox 536 3110 601 3185; x_wconf 91' lang='lat' dir='ltr'><strong>quia</strong></span> <span class='ocrx_word' id='word_1_459' title='bbox 615 3110 739 3184; x_wconf 88' lang='lat' dir='ltr'><strong>sepultus</strong></span> <span class='ocrx_word' id='word_1_460' title='bbox 753 3116 828 3166; x_wconf 82' lang='lat' dir='ltr'><strong>est·</strong></span> <span class='ocrx_word' id='word_1_461' title='bbox 850 3110 925 3167; x_wconf 90' lang='lat' dir='ltr'><strong>Nulli</strong></span> <span class='ocrx_word' id='word_1_462' title='bbox 941 3109 1057 3167; x_wconf 85' lang='lat' dir='ltr'><strong>dubium</strong></span> <span class='ocrx_word' id='word_1_463' title='bbox 1073 3129 1095 3192; x_wconf 71' lang='grc' dir='ltr'><strong>ρ</strong></span> <span class='ocrx_word' id='word_1_464' title='bbox 1112 3118 1246 3190; x_wconf 76' lang='lat' dir='ltr'><strong>defendit,</strong></span> <span class='ocrx_word' id='word_1_465' title='bbox 1261 3119 1309 3176; x_wconf 88' lang='lat' dir='ltr'><strong>sed</strong></span> <span class='ocrx_word' id='word_1_466' title='bbox 1330 3119 1475 3191; x_wconf 90' lang='lat' dir='ltr'><strong>indignum</strong></span> <span class='ocrx_word' id='word_1_467' title='bbox 1497 3134 1526 3175; x_wconf 89' lang='lat' dir='ltr'><strong>se</strong></span> <span class='ocrx_word' id='word_1_468' title='bbox 1548 3115 1627 3174; x_wconf 89' lang='lat' dir='ltr'><strong>dicit.</strong></span> <span class='ocrx_word' id='word_1_469' title='bbox 1652 3115 1730 3173; x_wconf 88' lang='lat' dir='ltr'><strong>Unde</strong></span> <span class='ocrx_word' id='word_1_470' title='bbox 1756 3130 1822 3172; x_wconf 79' lang='lat' dir='ltr'><strong>vere</strong></span> <span class='ocrx_word' id='word_1_471' title='bbox 1851 3115 1916 3190; x_wconf 87' lang='lat' dir='ltr'><strong>plus</strong></span> 
     </span>
     <span class='ocr_line' id='line_1_33' title="bbox 257 3200 1914 3281; baseline -0.001 -24"><span class='ocrx_word' id='word_1_472' title='bbox 257 3209 397 3258; x_wconf 76' lang='lat' dir='ltr'><strong>mollitum</strong></span> <span class='ocrx_word' id='word_1_473' title='bbox 426 3203 565 3275; x_wconf 76' lang='lat' dir='ltr'><strong>sepullum</strong></span> <span class='ocrx_word' id='word_1_474' title='bbox 594 3217 662 3270; x_wconf 74' lang='lat' dir='ltr'><strong>esse,</strong></span> <span class='ocrx_word' id='word_1_475' title='bbox 692 3200 763 3258; x_wconf 79' lang='lat' dir='ltr'><strong>sicui</strong></span> <span class='ocrx_word' id='word_1_476' title='bbox 794 3200 863 3257; x_wconf 80' lang='lat' dir='ltr'><strong>dicit</strong></span> <span class='ocrx_word' id='word_1_477' title='bbox 883 3200 965 3257; x_wconf 71' lang='grc'><strong>166666</strong></span> <span class='ocrx_word' id='word_1_478' title='bbox 989 3216 1058 3273; x_wconf 83' lang='lat' dir='ltr'><strong>pro-</strong></span> <span class='ocrx_word' id='word_1_479' title='bbox 1112 3217 1241 3281; x_wconf 65' lang='lat' dir='ltr'><strong>mprgtur‚</strong></span> <span class='ocrx_word' id='word_1_480' title='bbox 1258 3208 1464 3266; x_wconf 71' lang='lat' dir='ltr'><strong>sciansdixisge</strong></span> <span class='ocrx_word' id='word_1_481' title='bbox 1477 3206 1649 3264; x_wconf 82' lang='lat' dir='ltr'><strong>Dominum:</strong></span> <span class='ocrx_word' id='word_1_482' title='bbox 1677 3229 1687 3254; x_wconf 83' lang='grc' dir='ltr'><strong><em>ι</em></strong></span> <span class='ocrx_word' id='word_1_483' title='bbox 1711 3203 1914 3273; x_wconf 74' lang='lat' dir='ltr'><strong>Quisehumi·</strong></span> 
     </span>
     <span class='ocr_line' id='line_1_34' title="bbox 256 3289 1915 3373; baseline -0.001 -25"><span class='ocrx_word' id='word_1_484' title='bbox 256 3289 361 3364; x_wconf 88' lang='lat' dir='ltr'><strong>pheta:</strong></span> <span class='ocrx_word' id='word_1_485' title='bbox 386 3317 395 3340; x_wconf 82' lang='lat'>‹</span> <span class='ocrx_word' id='word_1_486' title='bbox 418 3291 454 3348; x_wconf 85' lang='lat' dir='ltr'><strong>Et</strong></span> <span class='ocrx_word' id='word_1_487' title='bbox 472 3291 543 3348; x_wconf 89' lang='lat' dir='ltr'><strong>daho</strong></span> <span class='ocrx_word' id='word_1_488' title='bbox 566 3291 653 3348; x_wconf 89' lang='lat' dir='ltr'><strong>ruelos</strong></span> <span class='ocrx_word' id='word_1_489' title='bbox 675 3306 726 3365; x_wconf 93' lang='lat' dir='ltr'><strong>pro</strong></span> <span class='ocrx_word' id='word_1_490' title='bbox 746 3291 889 3362; x_wconf 88' lang='lat' dir='ltr'><strong>sepultura</strong></span> <span class='ocrx_word' id='word_1_491' title='bbox 908 3289 968 3362; x_wconf 90' lang='lat' dir='ltr'><strong>ejus</strong></span> <span class='ocrx_word' id='word_1_492' title='bbox 989 3291 1057 3363; x_wconf 86' lang='lat' dir='ltr'><strong>(iso.</strong></span> <span class='ocrx_word' id='word_1_493' title='bbox 1112 3299 1163 3357; x_wconf 72' lang='lat' dir='ltr'><strong>liat</strong></span> <span class='ocrx_word' id='word_1_494' title='bbox 1184 3301 1351 3358; x_wconf 62' lang='lat' dir='ltr'><strong>exaltabitur</strong></span> <span class='ocrx_word' id='word_1_495' title='bbox 1375 3299 1434 3372; x_wconf 73' lang='grc' dir='ltr'><strong>(ιι)</strong></span> <span class='ocrx_word' id='word_1_496' title='bbox 1458 3299 1534 3373; x_wconf 70' lang='lat' dir='ltr'><strong>(Luc,</strong></span> <span class='ocrx_word' id='word_1_497' title='bbox 1557 3315 1618 3367; x_wconf 64' lang='lat' dir='ltr'><strong>nv,</strong></span> <span class='ocrx_word' id='word_1_498' title='bbox 1635 3298 1718 3372; x_wconf 68' lang='grc' dir='ltr'><strong><em>ιι),</em></strong></span> <span class='ocrx_word' id='word_1_499' title='bbox 1745 3297 1806 3354; x_wconf 71' lang='lat' dir='ltr'><strong>«Et</strong></span> <span class='ocrx_word' id='word_1_500' title='bbox 1826 3297 1915 3372; x_wconf 65' lang='lat' dir='ltr'><strong>gratis</strong></span> 
     </span>
     <span class='ocr_line' id='line_1_35' title="bbox 257 3382 1918 3462; baseline 0.005 -24"><span class='ocrx_word' id='word_1_501' title='bbox 257 3399 318 3452; x_wconf 78' lang='grc'><strong>666,</strong></span> <span class='ocrx_word' id='word_1_502' title='bbox 330 3382 370 3455; x_wconf 88' lang='grc'><strong>9).</strong></span> <span class='ocrx_word' id='word_1_503' title='bbox 384 3408 394 3431; x_wconf 76' lang='grc' dir='ltr'><strong><em>ι</em></strong></span> <span class='ocrx_word' id='word_1_504' title='bbox 1113 3389 1171 3462; x_wconf 86' lang='lat' dir='ltr'><strong>ejus</strong></span> <span class='ocrx_word' id='word_1_505' title='bbox 1185 3405 1288 3462; x_wconf 87' lang='lat' dir='ltr'><strong>pauper</strong></span> <span class='ocrx_word' id='word_1_506' title='bbox 1302 3391 1330 3445; x_wconf 94' lang='lat' dir='ltr'><strong>in</strong></span> <span class='ocrx_word' id='word_1_507' title='bbox 1346 3403 1459 3444; x_wconf 89' lang='lat' dir='ltr'><strong>menon</strong></span> <span class='ocrx_word' id='word_1_508' title='bbox 1474 3387 1537 3443; x_wconf 85' lang='lat' dir='ltr'><strong>init.</strong></span> <span class='ocrx_word' id='word_1_509' title='bbox 1562 3411 1572 3436; x_wconf 74' lang='grc' dir='ltr'><strong><em>ι</em></strong></span> <span class='ocrx_word' id='word_1_510' title='bbox 1600 3387 1659 3444; x_wconf 87' lang='lat' dir='ltr'><strong>Hoc</strong></span> <span class='ocrx_word' id='word_1_511' title='bbox 1672 3387 1752 3457; x_wconf 86' lang='lat' dir='ltr'><strong>dicit,</strong></span> <span class='ocrx_word' id='word_1_512' title='bbox 1772 3388 1836 3461; x_wconf 85' lang='lat' dir='ltr'><strong>guia</strong></span> <span class='ocrx_word' id='word_1_513' title='bbox 1858 3405 1918 3446; x_wconf 93' lang='lat' dir='ltr'><strong>non</strong></span> 
     </span>
     <span class='ocr_line' id='line_1_36' title="bbox 299 3475 1916 3552; baseline 0.002 -21"><span class='ocrx_word' id='word_1_514' title='bbox 299 3476 367 3533; x_wconf 81' lang='lat'><strong>161</strong></span> <span class='ocrx_word' id='word_1_515' title='bbox 392 3478 457 3535; x_wconf 78' lang='lat' dir='ltr'><strong>«Et</strong></span> <span class='ocrx_word' id='word_1_516' title='bbox 476 3478 541 3552; x_wconf 89' lang='lat' dir='ltr'><strong>quia</strong></span> <span class='ocrx_word' id='word_1_517' title='bbox 562 3477 714 3534; x_wconf 84' lang='lat' dir='ltr'><strong>resurrexit</strong></span> <span class='ocrx_word' id='word_1_518' title='bbox 738 3476 820 3534; x_wconf 90' lang='lat' dir='ltr'><strong>tertia</strong></span> <span class='ocrx_word' id='word_1_519' title='bbox 840 3476 885 3533; x_wconf 87' lang='lat' dir='ltr'><strong>die</strong></span> <span class='ocrx_word' id='word_1_520' title='bbox 906 3475 1057 3533; x_wconf 87' lang='lat' dir='ltr'><strong>secundum</strong></span> <span class='ocrx_word' id='word_1_521' title='bbox 1113 3476 1483 3552; x_wconf 84' lang='lat' dir='ltr'><strong>propterquodpersecutus</strong></span> <span class='ocrx_word' id='word_1_522' title='bbox 1509 3483 1561 3545; x_wconf 89' lang='lat' dir='ltr'><strong>est,</strong></span> <span class='ocrx_word' id='word_1_523' title='bbox 1586 3476 1723 3534; x_wconf 89' lang='lat' dir='ltr'><strong>minorem</strong></span> <span class='ocrx_word' id='word_1_524' title='bbox 1748 3477 1861 3552; x_wconf 84' lang='lat' dir='ltr'><strong>gratiam</strong></span> <span class='ocrx_word' id='word_1_525' title='bbox 1887 3477 1916 3534; x_wconf 93' lang='lat' dir='ltr'><strong>in</strong></span> 
     </span>
     <span class='ocr_line' id='line_1_37' title="bbox 255 3563 1918 3640; baseline -0.001 -16"><span class='ocrx_word' id='word_1_526' title='bbox 255 3567 421 3640; x_wconf 85' lang='lat' dir='ltr'><strong>Scripturas.</strong></span> <span class='ocrx_word' id='word_1_527' title='bbox 446 3591 455 3612; x_wconf 87' lang='lat'><strong>·</strong></span> <span class='ocrx_word' id='word_1_528' title='bbox 486 3565 586 3622; x_wconf 90' lang='lat' dir='ltr'><strong>Omnia</strong></span> <span class='ocrx_word' id='word_1_529' title='bbox 601 3565 631 3620; x_wconf 91' lang='lat' dir='ltr'><strong>in</strong></span> <span class='ocrx_word' id='word_1_530' title='bbox 646 3564 699 3620; x_wconf 90' lang='lat' dir='ltr'><strong>lide</strong></span> <span class='ocrx_word' id='word_1_531' title='bbox 715 3565 886 3620; x_wconf 80' lang='lat' dir='ltr'><strong>clamasunt</strong></span> <span class='ocrx_word' id='word_1_532' title='bbox 905 3581 912 3620; x_wconf 73' lang='grc' dir='ltr'><strong><em>ι</em></strong></span> <span class='ocrx_word' id='word_1_533' title='bbox 930 3563 992 3620; x_wconf 92' lang='lat' dir='ltr'><strong>ideo</strong></span> <span class='ocrx_word' id='word_1_534' title='bbox 1007 3564 1059 3620; x_wconf 89' lang='lat' dir='ltr'><strong>sub</strong></span> <span class='ocrx_word' id='word_1_535' title='bbox 1114 3567 1269 3638; x_wconf 86' lang='lat' dir='ltr'><strong>apostolatu</strong></span> <span class='ocrx_word' id='word_1_536' title='bbox 1282 3565 1396 3638; x_wconf 85' lang='lat' dir='ltr'><strong>accepit.</strong></span> <span class='ocrx_word' id='word_1_537' title='bbox 1419 3589 1429 3612; x_wconf 77' lang='grc' dir='ltr'><strong><em>ι</em></strong></span> <span class='ocrx_word' id='word_1_538' title='bbox 1450 3564 1502 3621; x_wconf 92' lang='lat' dir='ltr'><strong>Sed</strong></span> <span class='ocrx_word' id='word_1_539' title='bbox 1527 3565 1589 3637; x_wconf 88' lang='lat' dir='ltr'><strong>plns</strong></span> <span class='ocrx_word' id='word_1_540' title='bbox 1609 3565 1667 3622; x_wconf 87' lang='lat' dir='ltr'><strong>illis</strong></span> <span class='ocrx_word' id='word_1_541' title='bbox 1688 3565 1818 3625; x_wconf 86' lang='lat' dir='ltr'><strong>omnihus</strong></span> <span class='ocrx_word' id='word_1_542' title='bbox 1838 3565 1918 3624; x_wconf 81' lang='lat' dir='ltr'><strong>labo·</strong></span> 
     </span>
     <span class='ocr_line' id='line_1_38' title="bbox 256 3652 1918 3732; baseline -0.002 -17"><span class='ocrx_word' id='word_1_543' title='bbox 256 3673 372 3732; x_wconf 89' lang='lat' dir='ltr'><strong>persona</strong></span> <span class='ocrx_word' id='word_1_544' title='bbox 387 3655 482 3729; x_wconf 90' lang='lat' dir='ltr'><strong>populi</strong></span> <span class='ocrx_word' id='word_1_545' title='bbox 499 3655 663 3712; x_wconf 86' lang='lat' dir='ltr'><strong>resurrectio</strong></span> <span class='ocrx_word' id='word_1_546' title='bbox 681 3655 794 3711; x_wconf 86' lang='lat' dir='ltr'><strong>Domini</strong></span> <span class='ocrx_word' id='word_1_547' title='bbox 810 3656 892 3712; x_wconf 89' lang='lat' dir='ltr'><strong>tertia</strong></span> <span class='ocrx_word' id='word_1_548' title='bbox 907 3656 952 3712; x_wconf 87' lang='lat' dir='ltr'><strong>die</strong></span> <span class='ocrx_word' id='word_1_549' title='bbox 965 3657 1059 3714; x_wconf 88' lang='lat' dir='ltr'><strong>lutura</strong></span> <span class='ocrx_word' id='word_1_550' title='bbox 1114 3655 1182 3710; x_wconf 86' lang='lat' dir='ltr'><strong>ravi.</strong></span> <span class='ocrx_word' id='word_1_551' title='bbox 1199 3680 1209 3704; x_wconf 76' lang='grc' dir='ltr'><strong><em>ι</em></strong></span> <span class='ocrx_word' id='word_1_552' title='bbox 1227 3652 1313 3712; x_wconf 83' lang='lat' dir='ltr'><strong>Addit</strong></span> <span class='ocrx_word' id='word_1_553' title='bbox 1327 3653 1361 3710; x_wconf 91' lang='lat' dir='ltr'><strong>ad</strong></span> <span class='ocrx_word' id='word_1_554' title='bbox 1375 3669 1495 3722; x_wconf 90' lang='lat' dir='ltr'><strong>cansam,</strong></span> <span class='ocrx_word' id='word_1_555' title='bbox 1510 3653 1576 3728; x_wconf 81' lang='lat' dir='ltr'><strong>guia</strong></span> <span class='ocrx_word' id='word_1_556' title='bbox 1590 3670 1647 3712; x_wconf 93' lang='lat' dir='ltr'><strong>non</strong></span> <span class='ocrx_word' id='word_1_557' title='bbox 1657 3655 1747 3712; x_wconf 89' lang='lat' dir='ltr'><strong>solum</strong></span> <span class='ocrx_word' id='word_1_558' title='bbox 1762 3657 1918 3714; x_wconf 89' lang='lat' dir='ltr'><strong>minoratus</strong></span> 
     </span>
     <span class='ocr_line' id='line_1_39' title="bbox 256 3744 1917 3821; baseline 0.001 -15"><span class='ocrx_word' id='word_1_559' title='bbox 256 3747 395 3821; x_wconf 88' lang='lat' dir='ltr'><strong>descripta</strong></span> <span class='ocrx_word' id='word_1_560' title='bbox 415 3753 464 3802; x_wconf 90' lang='lat' dir='ltr'><strong>est.</strong></span> <span class='ocrx_word' id='word_1_561' title='bbox 490 3745 565 3802; x_wconf 91' lang='lat' dir='ltr'><strong>Dicit</strong></span> <span class='ocrx_word' id='word_1_562' title='bbox 588 3745 661 3802; x_wconf 90' lang='lat' dir='ltr'><strong>enim</strong></span> <span class='ocrx_word' id='word_1_563' title='bbox 682 3744 750 3801; x_wconf 88' lang='lat' dir='ltr'><strong>Osee</strong></span> <span class='ocrx_word' id='word_1_564' title='bbox 774 3746 929 3819; x_wconf 88' lang='lat' dir='ltr'><strong>propheta:</strong></span> <span class='ocrx_word' id='word_1_565' title='bbox 963 3748 1060 3804; x_wconf 77' lang='lat' dir='ltr'><strong>«Post</strong></span> <span class='ocrx_word' id='word_1_566' title='bbox 1114 3754 1233 3814; x_wconf 89' lang='lat' dir='ltr'><strong>nonest,</strong></span> <span class='ocrx_word' id='word_1_567' title='bbox 1248 3745 1296 3802; x_wconf 90' lang='lat' dir='ltr'><strong>sed</strong></span> <span class='ocrx_word' id='word_1_568' title='bbox 1314 3753 1341 3801; x_wconf 91' lang='lat' dir='ltr'><strong>et</strong></span> <span class='ocrx_word' id='word_1_569' title='bbox 1364 3745 1483 3817; x_wconf 90' lang='lat' dir='ltr'><strong>amplius</strong></span> <span class='ocrx_word' id='word_1_570' title='bbox 1506 3753 1619 3818; x_wconf 90' lang='lat' dir='ltr'><strong>propter</strong></span> <span class='ocrx_word' id='word_1_571' title='bbox 1636 3747 1819 3804; x_wconf 85' lang='lat' dir='ltr'><strong>constentiam</strong></span> <span class='ocrx_word' id='word_1_572' title='bbox 1844 3746 1917 3820; x_wconf 79' lang='lat' dir='ltr'><strong>(tt),</strong></span> 
     </span>
     <span class='ocr_line' id='line_1_40' title="bbox 257 3833 1919 3910; baseline -0.002 -15"><span class='ocrx_word' id='word_1_573' title='bbox 257 3837 371 3895; x_wconf 90' lang='lat' dir='ltr'><strong>biduum</strong></span> <span class='ocrx_word' id='word_1_574' title='bbox 400 3851 481 3892; x_wconf 89' lang='lat' dir='ltr'><strong>sanos</strong></span> <span class='ocrx_word' id='word_1_575' title='bbox 493 3833 578 3890; x_wconf 81' lang='lat' dir='ltr'><strong>faciet</strong></span> <span class='ocrx_word' id='word_1_576' title='bbox 592 3850 652 3903; x_wconf 94' lang='lat' dir='ltr'><strong>nos,</strong></span> <span class='ocrx_word' id='word_1_577' title='bbox 669 3842 696 3890; x_wconf 89' lang='lat' dir='ltr'><strong>et</strong></span> <span class='ocrx_word' id='word_1_578' title='bbox 711 3834 740 3890; x_wconf 92' lang='lat' dir='ltr'><strong>in</strong></span> <span class='ocrx_word' id='word_1_579' title='bbox 757 3835 838 3893; x_wconf 81' lang='lat' dir='ltr'><strong>tortio</strong></span> <span class='ocrx_word' id='word_1_580' title='bbox 862 3835 907 3892; x_wconf 90' lang='lat' dir='ltr'><strong>die</strong></span> <span class='ocrx_word' id='word_1_581' title='bbox 930 3853 1059 3910; x_wconf 81' lang='lat' dir='ltr'><strong>resurge·</strong></span> <span class='ocrx_word' id='word_1_582' title='bbox 1113 3852 1167 3910; x_wconf 90' lang='lat' dir='ltr'><strong>qua</strong></span> <span class='ocrx_word' id='word_1_583' title='bbox 1190 3833 1300 3908; x_wconf 85' lang='lat' dir='ltr'><strong>vigebat</strong></span> <span class='ocrx_word' id='word_1_584' title='bbox 1325 3834 1354 3891; x_wconf 93' lang='lat' dir='ltr'><strong>in</strong></span> <span class='ocrx_word' id='word_1_585' title='bbox 1378 3833 1499 3904; x_wconf 87' lang='lat' dir='ltr'><strong>Christo,</strong></span> <span class='ocrx_word' id='word_1_586' title='bbox 1527 3834 1646 3892; x_wconf 84' lang='lat' dir='ltr'><strong>sillictus</strong></span> <span class='ocrx_word' id='word_1_587' title='bbox 1667 3843 1731 3894; x_wconf 91' lang='lat' dir='ltr'><strong>est:</strong></span> <span class='ocrx_word' id='word_1_588' title='bbox 1758 3836 1831 3910; x_wconf 87' lang='lat' dir='ltr'><strong>quod</strong></span> <span class='ocrx_word' id='word_1_589' title='bbox 1859 3853 1919 3893; x_wconf 91' lang='lat' dir='ltr'><strong>non</strong></span> 
     </span>
     <span class='ocr_line' id='line_1_41' title="bbox 257 3921 1917 4000; baseline -0.002 -15"><span class='ocrx_word' id='word_1_590' title='bbox 257 3944 319 3986; x_wconf 89' lang='lat' dir='ltr'><strong>mus</strong></span> <span class='ocrx_word' id='word_1_591' title='bbox 333 3925 404 3999; x_wconf 90' lang='grc'><strong>(38),</strong></span> <span class='ocrx_word' id='word_1_592' title='bbox 417 3932 445 3980; x_wconf 90' lang='lat' dir='ltr'><strong>et</strong></span> <span class='ocrx_word' id='word_1_593' title='bbox 459 3923 586 3980; x_wconf 78' lang='lat' dir='ltr'><strong>vivemus</strong></span> <span class='ocrx_word' id='word_1_594' title='bbox 605 3921 634 3978; x_wconf 93' lang='lat' dir='ltr'><strong>in</strong></span> <span class='ocrx_word' id='word_1_595' title='bbox 655 3930 803 3996; x_wconf 87' lang='lat' dir='ltr'><strong>conspectu</strong></span> <span class='ocrx_word' id='word_1_596' title='bbox 830 3923 889 3996; x_wconf 84' lang='lat' dir='ltr'><strong>ejus</strong></span> <span class='ocrx_word' id='word_1_597' title='bbox 912 3926 988 3996; x_wconf 79' lang='grc'><strong>(0666</strong></span> <span class='ocrx_word' id='word_1_598' title='bbox 1017 3943 1057 3993; x_wconf 81' lang='lat' dir='ltr'><strong>vr,</strong></span> <span class='ocrx_word' id='word_1_599' title='bbox 1113 3941 1183 3996; x_wconf 78' lang='lat' dir='ltr'><strong>aegre</strong></span> <span class='ocrx_word' id='word_1_600' title='bbox 1197 3924 1298 3992; x_wconf 86' lang='lat' dir='ltr'><strong>ferens,</strong></span> <span class='ocrx_word' id='word_1_601' title='bbox 1314 3922 1424 3996; x_wconf 78' lang='lat' dir='ltr'><strong>dignior</strong></span> <span class='ocrx_word' id='word_1_602' title='bbox 1438 3924 1526 3982; x_wconf 88' lang='lat' dir='ltr'><strong>iaetus</strong></span> <span class='ocrx_word' id='word_1_603' title='bbox 1547 3932 1597 3984; x_wconf 88' lang='lat' dir='ltr'><strong>est.</strong></span> <span class='ocrx_word' id='word_1_604' title='bbox 1622 3947 1632 3972; x_wconf 80' lang='grc' dir='ltr'><strong><em>ι</em></strong></span> <span class='ocrx_word' id='word_1_605' title='bbox 1657 3926 1719 3983; x_wconf 88' lang='grc' dir='ltr'><strong>Ν66</strong></span> <span class='ocrx_word' id='word_1_606' title='bbox 1739 3941 1789 4000; x_wconf 84' lang='lat' dir='ltr'><strong>ego</strong></span> <span class='ocrx_word' id='word_1_607' title='bbox 1811 3933 1917 3994; x_wconf 86' lang='lat' dir='ltr'><strong>autem,</strong></span> 
     </span>
     <span class='ocr_line' id='line_1_42' title="bbox 257 4009 1920 4090; baseline 0 -16"><span class='ocrx_word' id='word_1_608' title='bbox 257 4016 323 4089; x_wconf 82' lang='grc'><strong>3).»</strong></span> <span class='ocrx_word' id='word_1_609' title='bbox 344 4015 375 4072; x_wconf 94' lang='lat' dir='ltr'><strong>ln</strong></span> <span class='ocrx_word' id='word_1_610' title='bbox 390 4012 501 4072; x_wconf 89' lang='lat' dir='ltr'><strong>Christo</strong></span> <span class='ocrx_word' id='word_1_611' title='bbox 515 4009 589 4067; x_wconf 88' lang='lat' dir='ltr'><strong>enirn</strong></span> <span class='ocrx_word' id='word_1_612' title='bbox 609 4027 705 4066; x_wconf 88' lang='lat' dir='ltr'><strong>omnes</strong></span> <span class='ocrx_word' id='word_1_613' title='bbox 723 4012 918 4079; x_wconf 81' lang='lat' dir='ltr'><strong>resurrexisse,</strong></span> <span class='ocrx_word' id='word_1_614' title='bbox 941 4013 1014 4070; x_wconf 89' lang='lat' dir='ltr'><strong>sicut</strong></span> <span class='ocrx_word' id='word_1_615' title='bbox 1030 4015 1056 4068; x_wconf 92' lang='lat' dir='ltr'><strong>in</strong></span> <span class='ocrx_word' id='word_1_616' title='bbox 1114 4016 1161 4074; x_wconf 89' lang='lat' dir='ltr'><strong>sod</strong></span> <span class='ocrx_word' id='word_1_617' title='bbox 1180 4017 1267 4090; x_wconf 87' lang='lat' dir='ltr'><strong>gratia</strong></span> <span class='ocrx_word' id='word_1_618' title='bbox 1278 4015 1328 4073; x_wconf 91' lang='lat' dir='ltr'><strong>Dei</strong></span> <span class='ocrx_word' id='word_1_619' title='bbox 1343 4032 1461 4074; x_wconf 86' lang='grc'><strong>66666.</strong></span> <span class='ocrx_word' id='word_1_620' title='bbox 1483 4041 1493 4065; x_wconf 87' lang='lat'><strong>›</strong></span> <span class='ocrx_word' id='word_1_621' title='bbox 1514 4016 1554 4073; x_wconf 87' lang='lat' dir='ltr'><strong>Ne</strong></span> <span class='ocrx_word' id='word_1_622' title='bbox 1578 4033 1606 4076; x_wconf 87' lang='lat' dir='ltr'><strong>se</strong></span> <span class='ocrx_word' id='word_1_623' title='bbox 1628 4017 1759 4076; x_wconf 83' lang='lat' dir='ltr'><strong>extulisse</strong></span> <span class='ocrx_word' id='word_1_624' title='bbox 1779 4015 1920 4088; x_wconf 79' lang='lat' dir='ltr'><strong>jactanter</strong></span> 
     </span>
     <span class='ocr_line' id='line_1_43' title="bbox 256 4099 1916 4179; baseline 0.001 -17"><span class='ocrx_word' id='word_1_625' title='bbox 256 4105 345 4162; x_wconf 88' lang='lat' dir='ltr'><strong>Adam</strong></span> <span class='ocrx_word' id='word_1_626' title='bbox 360 4117 455 4161; x_wconf 87' lang='lat' dir='ltr'><strong>omnes</strong></span> <span class='ocrx_word' id='word_1_627' title='bbox 468 4107 592 4157; x_wconf 86' lang='lat' dir='ltr'><strong>mortuos</strong></span> <span class='ocrx_word' id='word_1_628' title='bbox 606 4115 673 4168; x_wconf 90' lang='lat' dir='ltr'><strong>esse,</strong></span> <span class='ocrx_word' id='word_1_629' title='bbox 690 4113 771 4155; x_wconf 88' lang='lat' dir='ltr'><strong>namo</strong></span> <span class='ocrx_word' id='word_1_630' title='bbox 790 4099 912 4157; x_wconf 81' lang='lat' dir='ltr'><strong>fidelium</strong></span> <span class='ocrx_word' id='word_1_631' title='bbox 932 4101 1056 4174; x_wconf 86' lang='lat' dir='ltr'><strong>denegat.</strong></span> <span class='ocrx_word' id='word_1_632' title='bbox 1115 4114 1265 4178; x_wconf 82' lang='lat' dir='ltr'><strong>putaretur,</strong></span> <span class='ocrx_word' id='word_1_633' title='bbox 1282 4105 1374 4163; x_wconf 82' lang='lat' dir='ltr'><strong>statim</strong></span> <span class='ocrx_word' id='word_1_634' title='bbox 1390 4123 1419 4162; x_wconf 91' lang='lat' dir='ltr'><strong>se</strong></span> <span class='ocrx_word' id='word_1_635' title='bbox 1434 4105 1575 4176; x_wconf 87' lang='lat' dir='ltr'><strong>humiliat,</strong></span> <span class='ocrx_word' id='word_1_636' title='bbox 1591 4123 1654 4166; x_wconf 88' lang='lat' dir='ltr'><strong>cnm</strong></span> <span class='ocrx_word' id='word_1_637' title='bbox 1669 4106 1723 4164; x_wconf 92' lang='lat' dir='ltr'><strong>hoc</strong></span> <span class='ocrx_word' id='word_1_638' title='bbox 1743 4105 1833 4179; x_wconf 90' lang='lat' dir='ltr'><strong>ipsum</strong></span> <span class='ocrx_word' id='word_1_639' title='bbox 1857 4123 1916 4164; x_wconf 88' lang='lat' dir='ltr'><strong>nen</strong></span> 
     </span>
     <span class='ocr_line' id='line_1_44' title="bbox 257 4191 1917 4267; baseline -0.002 -14"><span class='ocrx_word' id='word_1_640' title='bbox 257 4196 348 4253; x_wconf 90' lang='lat' dir='ltr'><strong>Simili</strong></span> <span class='ocrx_word' id='word_1_641' title='bbox 364 4195 446 4252; x_wconf 88' lang='lat' dir='ltr'><strong>modo</strong></span> <span class='ocrx_word' id='word_1_642' title='bbox 461 4195 489 4251; x_wconf 92' lang='lat' dir='ltr'><strong>iu</strong></span> <span class='ocrx_word' id='word_1_643' title='bbox 505 4194 614 4250; x_wconf 89' lang='lat' dir='ltr'><strong>Psalmo</strong></span> <span class='ocrx_word' id='word_1_644' title='bbox 626 4191 678 4248; x_wconf 87' lang='lat' dir='ltr'><strong>suh</strong></span> <span class='ocrx_word' id='word_1_645' title='bbox 692 4207 807 4264; x_wconf 86' lang='lat' dir='ltr'><strong>persona</strong></span> <span class='ocrx_word' id='word_1_646' title='bbox 831 4191 955 4250; x_wconf 88' lang='lat' dir='ltr'><strong>hominis</strong></span> <span class='ocrx_word' id='word_1_647' title='bbox 975 4195 1058 4251; x_wconf 89' lang='lat' dir='ltr'><strong>etiam</strong></span> <span class='ocrx_word' id='word_1_648' title='bbox 1114 4195 1200 4266; x_wconf 81' lang='lat' dir='ltr'><strong>tnagis</strong></span> <span class='ocrx_word' id='word_1_649' title='bbox 1219 4194 1284 4263; x_wconf 90' lang='lat' dir='ltr'><strong>sibi,</strong></span> <span class='ocrx_word' id='word_1_650' title='bbox 1304 4194 1350 4251; x_wconf 91' lang='lat' dir='ltr'><strong>sed</strong></span> <span class='ocrx_word' id='word_1_651' title='bbox 1365 4194 1415 4251; x_wconf 92' lang='lat' dir='ltr'><strong>Dei</strong></span> <span class='ocrx_word' id='word_1_652' title='bbox 1431 4195 1524 4266; x_wconf 81' lang='lat' dir='ltr'><strong>gratias</strong></span> <span class='ocrx_word' id='word_1_653' title='bbox 1539 4193 1673 4253; x_wconf 89' lang='lat' dir='ltr'><strong>ascribit:</strong></span> <span class='ocrx_word' id='word_1_654' title='bbox 1692 4201 1724 4252; x_wconf 91' lang='lat' dir='ltr'><strong>ut</strong></span> <span class='ocrx_word' id='word_1_655' title='bbox 1738 4210 1845 4267; x_wconf 90' lang='lat' dir='ltr'><strong>semper</strong></span> <span class='ocrx_word' id='word_1_656' title='bbox 1859 4209 1917 4250; x_wconf 90' lang='lat' dir='ltr'><strong>om-</strong></span> 
     </span>
     <span class='ocr_line' id='line_1_45' title="bbox 242 4280 1917 4357; baseline 0.001 -19"><span class='ocrx_word' id='word_1_657' title='bbox 242 4285 291 4341; x_wconf 91' lang='lat' dir='ltr'><strong>.de</strong></span> <span class='ocrx_word' id='word_1_658' title='bbox 306 4283 417 4342; x_wconf 91' lang='lat' dir='ltr'><strong>Christo</strong></span> <span class='ocrx_word' id='word_1_659' title='bbox 436 4283 583 4356; x_wconf 86' lang='lat' dir='ltr'><strong>significat,</strong></span> <span class='ocrx_word' id='word_1_660' title='bbox 607 4281 724 4340; x_wconf 89' lang='lat' dir='ltr'><strong>dicens:</strong></span> <span class='ocrx_word' id='word_1_661' title='bbox 759 4305 769 4330; x_wconf 82' lang='grc' dir='ltr'><strong><em>ι</em></strong></span> <span class='ocrx_word' id='word_1_662' title='bbox 789 4281 890 4339; x_wconf 92' lang='lat' dir='ltr'><strong>Omnia</strong></span> <span class='ocrx_word' id='word_1_663' title='bbox 916 4280 1058 4353; x_wconf 89' lang='lat' dir='ltr'><strong>subjecisti</strong></span> <span class='ocrx_word' id='word_1_664' title='bbox 1114 4300 1175 4340; x_wconf 79' lang='lat' dir='ltr'><strong>neni</strong></span> <span class='ocrx_word' id='word_1_665' title='bbox 1191 4284 1306 4356; x_wconf 90' lang='lat' dir='ltr'><strong>gloriam</strong></span> <span class='ocrx_word' id='word_1_666' title='bbox 1320 4291 1441 4357; x_wconf 90' lang='lat' dir='ltr'><strong>reportet</strong></span> <span class='ocrx_word' id='word_1_667' title='bbox 1460 4283 1494 4340; x_wconf 88' lang='lat' dir='ltr'><strong>ad</strong></span> <span class='ocrx_word' id='word_1_668' title='bbox 1516 4284 1617 4352; x_wconf 89' lang='lat' dir='ltr'><strong>Deum,</strong></span> <span class='ocrx_word' id='word_1_669' title='bbox 1630 4283 1704 4340; x_wconf 88' lang='lat' dir='ltr'><strong>unde</strong></span> <span class='ocrx_word' id='word_1_670' title='bbox 1716 4282 1778 4356; x_wconf 91' lang='lat' dir='ltr'><strong>jure</strong></span> <span class='ocrx_word' id='word_1_671' title='bbox 1792 4284 1917 4341; x_wconf 80' lang='lat' dir='ltr'><strong>exaltan·</strong></span> 
     </span>
     <span class='ocr_line' id='line_1_46' title="bbox 257 4369 1232 4443; baseline 0.001 -14"><span class='ocrx_word' id='word_1_672' title='bbox 257 4371 308 4429; x_wconf 90' lang='lat' dir='ltr'><strong>sub</strong></span> <span class='ocrx_word' id='word_1_673' title='bbox 324 4369 440 4442; x_wconf 89' lang='lat' dir='ltr'><strong>pedihus</strong></span> <span class='ocrx_word' id='word_1_674' title='bbox 454 4369 532 4440; x_wconf 88' lang='lat' dir='ltr'><strong>ejus:</strong></span> <span class='ocrx_word' id='word_1_675' title='bbox 551 4371 638 4443; x_wconf 89' lang='lat' dir='ltr'><strong>gloria</strong></span> <span class='ocrx_word' id='word_1_676' title='bbox 656 4371 806 4428; x_wconf 90' lang='lat' dir='ltr'><strong>ethonore</strong></span> <span class='ocrx_word' id='word_1_677' title='bbox 829 4372 968 4428; x_wconf 84' lang='lat' dir='ltr'><strong>coronasti</strong></span> <span class='ocrx_word' id='word_1_678' title='bbox 995 4388 1057 4430; x_wconf 83' lang='lat' dir='ltr'><strong>euni</strong></span> <span class='ocrx_word' id='word_1_679' title='bbox 1114 4372 1166 4429; x_wconf 90' lang='lat' dir='ltr'><strong>dns</strong></span> <span class='ocrx_word' id='word_1_680' title='bbox 1180 4382 1232 4430; x_wconf 87' lang='lat' dir='ltr'><strong>est.</strong></span> 
     </span>
     <span class='ocr_line' id='line_1_47' title="bbox 260 4457 1917 4551; baseline -0.004 -19"><span class='ocrx_word' id='word_1_681' title='bbox 260 4459 347 4532; x_wconf 51' lang='grc' dir='ltr'><strong>(ΡΜ</strong></span> <span class='ocrx_word' id='word_1_682' title='bbox 359 4475 421 4528; x_wconf 68' lang='lat' dir='ltr'><strong>V¹¹¹r</strong></span> <span class='ocrx_word' id='word_1_683' title='bbox 436 4458 465 4527; x_wconf 69' lang='lat'><strong>8,</strong></span> <span class='ocrx_word' id='word_1_684' title='bbox 480 4457 520 4530; x_wconf 83' lang='grc'><strong>6)·</strong></span> <span class='ocrx_word' id='word_1_685' title='bbox 537 4483 546 4504; x_wconf 79' lang='grc'><em>·</em></span> <span class='ocrx_word' id='word_1_686' title='bbox 1070 4493 1095 4551; x_wconf 77' lang='lat' dir='ltr'>D</span> <span class='ocrx_word' id='word_1_687' title='bbox 1150 4471 1241 4542; x_wconf 85' lang='lat' dir='ltr'><strong>(Vere.</strong></span> <span class='ocrx_word' id='word_1_688' title='bbox 1259 4471 1316 4542; x_wconf 85' lang='lat' dir='ltr'><strong>ll.)</strong></span> <span class='ocrx_word' id='word_1_689' title='bbox 1338 4495 1347 4520; x_wconf 83' lang='grc' dir='ltr'><strong><em>ι</em></strong></span> <span class='ocrx_word' id='word_1_690' title='bbox 1362 4470 1426 4528; x_wconf 87' lang='lat' dir='ltr'><strong>Sive</strong></span> <span class='ocrx_word' id='word_1_691' title='bbox 1440 4470 1526 4542; x_wconf 89' lang='lat' dir='ltr'><strong>igitur</strong></span> <span class='ocrx_word' id='word_1_692' title='bbox 1540 4485 1600 4541; x_wconf 90' lang='lat' dir='ltr'><strong>ego,</strong></span> <span class='ocrx_word' id='word_1_693' title='bbox 1616 4467 1677 4524; x_wconf 89' lang='lat' dir='ltr'><strong>sive</strong></span> <span class='ocrx_word' id='word_1_694' title='bbox 1694 4467 1747 4538; x_wconf 93' lang='lat' dir='ltr'><strong>illi,</strong></span> <span class='ocrx_word' id='word_1_695' title='bbox 1764 4469 1805 4527; x_wconf 92' lang='lat' dir='ltr'><strong>sic</strong></span> <span class='ocrx_word' id='word_1_696' title='bbox 1818 4469 1917 4544; x_wconf 78' lang='lat' dir='ltr'><strong>pradi-</strong></span> 
     </span>
     <span class='ocr_line' id='line_1_48' title="bbox 296 4545 1917 4633; baseline 0.006 -27"><span class='ocrx_word' id='word_1_697' title='bbox 296 4548 390 4620; x_wconf 85' lang='lat' dir='ltr'><strong>(Vers.</strong></span> <span class='ocrx_word' id='word_1_698' title='bbox 414 4546 456 4620; x_wconf 86' lang='grc'><strong>6.)</strong></span> <span class='ocrx_word' id='word_1_699' title='bbox 479 4571 488 4593; x_wconf 83' lang='lat'>‹</span> <span class='ocrx_word' id='word_1_700' title='bbox 503 4546 538 4602; x_wconf 87' lang='lat' dir='ltr'><strong>Et</strong></span> <span class='ocrx_word' id='word_1_701' title='bbox 552 4545 617 4620; x_wconf 84' lang='lat' dir='ltr'><strong>quia</strong></span> <span class='ocrx_word' id='word_1_702' title='bbox 631 4548 708 4605; x_wconf 88' lang='lat' dir='ltr'><strong>visos</strong></span> <span class='ocrx_word' id='word_1_703' title='bbox 723 4555 763 4604; x_wconf 89' lang='lat' dir='ltr'><strong>est</strong></span> <span class='ocrx_word' id='word_1_704' title='bbox 778 4547 896 4620; x_wconf 82' lang='lat' dir='ltr'><strong>Cephae;</strong></span> <span class='ocrx_word' id='word_1_705' title='bbox 927 4575 936 4597; x_wconf 74' lang='grc' dir='ltr'><strong><em>ι</em></strong></span> <span class='ocrx_word' id='word_1_706' title='bbox 960 4550 989 4608; x_wconf 91' lang='lat' dir='ltr'><strong>id</strong></span> <span class='ocrx_word' id='word_1_707' title='bbox 1008 4561 1058 4623; x_wconf 88' lang='lat' dir='ltr'><strong>est,</strong></span> <span class='ocrx_word' id='word_1_708' title='bbox 1114 4575 1217 4630; x_wconf 79' lang='lat' dir='ltr'><strong>cimus,</strong></span> <span class='ocrx_word' id='word_1_709' title='bbox 1232 4567 1260 4617; x_wconf 90' lang='lat' dir='ltr'><strong>et</strong></span> <span class='ocrx_word' id='word_1_710' title='bbox 1274 4561 1312 4619; x_wconf 86' lang='lat' dir='ltr'><strong>ita</strong></span> <span class='ocrx_word' id='word_1_711' title='bbox 1326 4559 1517 4618; x_wconf 76' lang='lat' dir='ltr'><strong>credidistis.»</strong></span> <span class='ocrx_word' id='word_1_712' title='bbox 1539 4558 1597 4614; x_wconf 87' lang='lat' dir='ltr'><strong>Hoc</strong></span> <span class='ocrx_word' id='word_1_713' title='bbox 1617 4563 1668 4626; x_wconf 87' lang='lat' dir='ltr'><strong>est,</strong></span> <span class='ocrx_word' id='word_1_714' title='bbox 1688 4559 1762 4632; x_wconf 89' lang='lat' dir='ltr'><strong>quod</strong></span> <span class='ocrx_word' id='word_1_715' title='bbox 1777 4576 1860 4633; x_wconf 88' lang='lat' dir='ltr'><strong>supra</strong></span> <span class='ocrx_word' id='word_1_716' title='bbox 1879 4561 1917 4618; x_wconf 86' lang='lat' dir='ltr'><strong>si·</strong></span> 
     </span>
     <span class='ocr_line' id='line_1_49' title="bbox 257 4633 1917 4721; baseline -0.001 -15"><span class='ocrx_word' id='word_1_717' title='bbox 257 4639 348 4695; x_wconf 69' lang='lat' dir='ltr'><strong>Pelffl·</strong></span> <span class='ocrx_word' id='word_1_718' title='bbox 365 4635 517 4695; x_wconf 67' lang='lat' dir='ltr'><strong>11⁰00iii¹¹¹</strong></span> <span class='ocrx_word' id='word_1_719' title='bbox 532 4633 660 4709; x_wconf 69' lang='lat' dir='ltr'><strong>C¹00Phae</strong></span> <span class='ocrx_word' id='word_1_720' title='bbox 673 4635 731 4708; x_wconf 77' lang='grc'><strong>(39)</strong></span> <span class='ocrx_word' id='word_1_721' title='bbox 753 4643 781 4693; x_wconf 67' lang='lat' dir='ltr'><strong>tl</strong></span> <span class='ocrx_word' id='word_1_722' title='bbox 801 4635 876 4694; x_wconf 69' lang='grc' dir='ltr'><strong>800ῐο</strong></span> <span class='ocrx_word' id='word_1_723' title='bbox 898 4655 948 4695; x_wconf 77' lang='lat'>⁸110</span> <span class='ocrx_word' id='word_1_724' title='bbox 970 4640 1056 4698; x_wconf 76' lang='lat' dir='ltr'><strong>dixt-</strong></span> <span class='ocrx_word' id='word_1_725' title='bbox 1111 4648 1262 4720; x_wconf 86' lang='lat' dir='ltr'><strong>gnilicavit,</strong></span> <span class='ocrx_word' id='word_1_726' title='bbox 1279 4648 1413 4720; x_wconf 86' lang='lat' dir='ltr'><strong>quianon</strong></span> <span class='ocrx_word' id='word_1_727' title='bbox 1432 4645 1590 4702; x_wconf 83' lang='lat' dir='ltr'><strong>inferiorem</strong></span> <span class='ocrx_word' id='word_1_728' title='bbox 1606 4645 1726 4719; x_wconf 87' lang='lat' dir='ltr'><strong>gratiam</strong></span> <span class='ocrx_word' id='word_1_729' title='bbox 1740 4648 1770 4704; x_wconf 95' lang='lat' dir='ltr'><strong>in</strong></span> <span class='ocrx_word' id='word_1_730' title='bbox 1785 4647 1917 4721; x_wconf 78' lang='lat' dir='ltr'><strong>predica·</strong></span> 
     </span>
     <span class='ocr_line' id='line_1_50' title="bbox 258 4732 1919 4815; baseline 0.003 -23"><span class='ocrx_word' id='word_1_731' title='bbox 258 4741 323 4792; x_wconf 90' lang='lat' dir='ltr'><strong>runt</strong></span> <span class='ocrx_word' id='word_1_732' title='bbox 350 4732 491 4807; x_wconf 86' lang='lat' dir='ltr'><strong>discipuli,</strong></span> <span class='ocrx_word' id='word_1_733' title='bbox 512 4741 543 4790; x_wconf 90' lang='lat' dir='ltr'><strong>nt</strong></span> <span class='ocrx_word' id='word_1_734' title='bbox 557 4734 585 4791; x_wconf 93' lang='lat' dir='ltr'><strong>in</strong></span> <span class='ocrx_word' id='word_1_735' title='bbox 607 4733 759 4807; x_wconf 84' lang='lat' dir='ltr'><strong>Evangelio</strong></span> <span class='ocrx_word' id='word_1_736' title='bbox 774 4736 966 4815; x_wconf 72' lang='grc' dir='ltr'><strong>6666666666ι</strong></span> <span class='ocrx_word' id='word_1_737' title='bbox 983 4737 1056 4811; x_wconf 92' lang='lat' dir='ltr'><strong>quod</strong></span> <span class='ocrx_word' id='word_1_738' title='bbox 1110 4738 1186 4794; x_wconf 87' lang='lat' dir='ltr'><strong>tione</strong></span> <span class='ocrx_word' id='word_1_739' title='bbox 1203 4736 1318 4807; x_wconf 88' lang='lat' dir='ltr'><strong>accepit,</strong></span> <span class='ocrx_word' id='word_1_740' title='bbox 1331 4737 1413 4808; x_wconf 88' lang='lat' dir='ltr'><strong>quain</strong></span> <span class='ocrx_word' id='word_1_741' title='bbox 1426 4734 1518 4791; x_wconf 86' lang='lat' dir='ltr'><strong>caeteri</strong></span> <span class='ocrx_word' id='word_1_742' title='bbox 1532 4735 1659 4806; x_wconf 89' lang='lat' dir='ltr'><strong>apostoli,</strong></span> <span class='ocrx_word' id='word_1_743' title='bbox 1677 4735 1724 4793; x_wconf 90' lang='lat' dir='ltr'><strong>sed</strong></span> <span class='ocrx_word' id='word_1_744' title='bbox 1738 4753 1821 4794; x_wconf 91' lang='lat' dir='ltr'><strong>unam</strong></span> <span class='ocrx_word' id='word_1_745' title='bbox 1831 4745 1919 4811; x_wconf 85' lang='lat' dir='ltr'><strong>atque</strong></span> 
     </span>
     <span class='ocr_line' id='line_1_51' title="bbox 258 4823 1916 4898; baseline 0.001 -18"><span class='ocrx_word' id='word_1_746' title='bbox 258 4823 385 4898; x_wconf 86' lang='lat' dir='ltr'><strong>apparuit</strong></span> <span class='ocrx_word' id='word_1_747' title='bbox 400 4824 452 4880; x_wconf 91' lang='lat' dir='ltr'><strong>soli</strong></span> <span class='ocrx_word' id='word_1_748' title='bbox 466 4824 546 4881; x_wconf 91' lang='lat' dir='ltr'><strong>Petro</strong></span> <span class='ocrx_word' id='word_1_749' title='bbox 564 4825 644 4896; x_wconf 85' lang='lat' dir='ltr'><strong>(Lac.</strong></span> <span class='ocrx_word' id='word_1_750' title='bbox 661 4825 815 4898; x_wconf 79' lang='lat' dir='ltr'><strong>xx1v,3l).</strong></span> <span class='ocrx_word' id='word_1_751' title='bbox 845 4851 855 4875; x_wconf 74' lang='grc' dir='ltr'><strong><em>ι</em></strong></span> <span class='ocrx_word' id='word_1_752' title='bbox 880 4829 976 4885; x_wconf 88' lang='lat' dir='ltr'><strong>Postea</strong></span> <span class='ocrx_word' id='word_1_753' title='bbox 1001 4827 1057 4884; x_wconf 89' lang='lat' dir='ltr'><strong>illis</strong></span> <span class='ocrx_word' id='word_1_754' title='bbox 1111 4823 1329 4880; x_wconf 90' lang='lat' dir='ltr'><strong>eamdem.Unde</strong></span> <span class='ocrx_word' id='word_1_755' title='bbox 1339 4823 1425 4896; x_wconf 88' lang='lat' dir='ltr'><strong>magis</strong></span> <span class='ocrx_word' id='word_1_756' title='bbox 1434 4823 1525 4898; x_wconf 84' lang='lat' dir='ltr'><strong>arguit</strong></span> <span class='ocrx_word' id='word_1_757' title='bbox 1537 4823 1680 4897; x_wconf 86' lang='lat' dir='ltr'><strong>perfidiam</strong></span> <span class='ocrx_word' id='word_1_758' title='bbox 1691 4825 1916 4896; x_wconf 82' lang='lat' dir='ltr'><strong>Corinthiorum,</strong></span> 
     </span>
     <span class='ocr_line' id='line_1_52' title="bbox 258 4911 1919 4990; baseline 0.002 -20"><span class='ocrx_word' id='word_1_759' title='bbox 258 4911 397 4970; x_wconf 89' lang='lat' dir='ltr'><strong>undecim.</strong></span> <span class='ocrx_word' id='word_1_760' title='bbox 412 4936 422 4959; x_wconf 82' lang='lat'><strong>·</strong></span> <span class='ocrx_word' id='word_1_761' title='bbox 443 4913 479 4968; x_wconf 87' lang='lat' dir='ltr'><strong>Et</strong></span> <span class='ocrx_word' id='word_1_762' title='bbox 494 4913 589 4970; x_wconf 86' lang='lat' dir='ltr'><strong>hocin</strong></span> <span class='ocrx_word' id='word_1_763' title='bbox 607 4915 759 4987; x_wconf 85' lang='lat' dir='ltr'><strong>Evangelio</strong></span> <span class='ocrx_word' id='word_1_764' title='bbox 773 4916 940 4974; x_wconf 89' lang='lat' dir='ltr'><strong>continetur.</strong></span> <span class='ocrx_word' id='word_1_765' title='bbox 1111 4915 1176 4986; x_wconf 87' lang='lat' dir='ltr'><strong>quie</strong></span> <span class='ocrx_word' id='word_1_766' title='bbox 1191 4930 1255 4970; x_wconf 90' lang='grc'><strong>666</strong></span> <span class='ocrx_word' id='word_1_767' title='bbox 1270 4914 1444 4970; x_wconf 78' lang='lat' dir='ltr'><strong>manifestata</strong></span> <span class='ocrx_word' id='word_1_768' title='bbox 1457 4922 1528 4972; x_wconf 91' lang='lat' dir='ltr'><strong>esset</strong></span> <span class='ocrx_word' id='word_1_769' title='bbox 1541 4916 1690 4974; x_wconf 85' lang='lat' dir='ltr'><strong>credulitas</strong></span> <span class='ocrx_word' id='word_1_770' title='bbox 1700 4915 1759 4974; x_wconf 82' lang='lat' dir='ltr'><strong>haee</strong></span> <span class='ocrx_word' id='word_1_771' title='bbox 1767 4914 1841 4990; x_wconf 89' lang='lat' dir='ltr'><strong>apud</strong></span> <span class='ocrx_word' id='word_1_772' title='bbox 1855 4933 1919 4973; x_wconf 89' lang='lat' dir='ltr'><strong>om·</strong></span> 
     </span>
     <span class='ocr_line' id='line_1_53' title="bbox 295 5001 1915 5080; baseline 0.007 -28"><span class='ocrx_word' id='word_1_773' title='bbox 295 5005 386 5079; x_wconf 69' lang='lat' dir='ltr'><strong>(Vera,</strong></span> <span class='ocrx_word' id='word_1_774' title='bbox 402 5005 442 5076; x_wconf 82' lang='grc'><strong>6,)</strong></span> <span class='ocrx_word' id='word_1_775' title='bbox 463 5003 594 5061; x_wconf 74' lang='lat' dir='ltr'><strong>«Deinde</strong></span> <span class='ocrx_word' id='word_1_776' title='bbox 607 5006 732 5078; x_wconf 88' lang='lat' dir='ltr'><strong>apparuit</strong></span> <span class='ocrx_word' id='word_1_777' title='bbox 746 5008 808 5079; x_wconf 93' lang='lat' dir='ltr'><strong>plus</strong></span> <span class='ocrx_word' id='word_1_778' title='bbox 821 5024 903 5080; x_wconf 89' lang='lat' dir='ltr'><strong>quam</strong></span> <span class='ocrx_word' id='word_1_779' title='bbox 918 5007 1058 5080; x_wconf 85' lang='lat' dir='ltr'><strong>quingen·</strong></span> <span class='ocrx_word' id='word_1_780' title='bbox 1112 5019 1161 5058; x_wconf 93' lang='lat' dir='ltr'><strong>nes</strong></span> <span class='ocrx_word' id='word_1_781' title='bbox 1183 5001 1330 5072; x_wconf 86' lang='lat' dir='ltr'><strong>Ecclesias,</strong></span> <span class='ocrx_word' id='word_1_782' title='bbox 1356 5003 1385 5059; x_wconf 83' lang='lat' dir='ltr'><strong>ni</strong></span> <span class='ocrx_word' id='word_1_783' title='bbox 1404 5004 1438 5060; x_wconf 85' lang='lat' dir='ltr'><strong>ab</strong></span> <span class='ocrx_word' id='word_1_784' title='bbox 1462 5003 1514 5062; x_wconf 88' lang='lat' dir='ltr'><strong>hac</strong></span> <span class='ocrx_word' id='word_1_785' title='bbox 1533 5003 1588 5062; x_wconf 87' lang='lat' dir='ltr'><strong>lide</strong></span> <span class='ocrx_word' id='word_1_786' title='bbox 1611 5014 1640 5063; x_wconf 92' lang='lat' dir='ltr'><strong>et</strong></span> <span class='ocrx_word' id='word_1_787' title='bbox 1661 5020 1708 5078; x_wconf 89' lang='lat' dir='ltr'><strong>spe</strong></span> <span class='ocrx_word' id='word_1_788' title='bbox 1727 5003 1915 5074; x_wconf 88' lang='lat' dir='ltr'><strong>desciverant,</strong></span> 
     </span>
     <span class='ocr_line' id='line_1_54' title="bbox 259 5089 1474 5169; baseline 0.004 -19"><span class='ocrx_word' id='word_1_789' title='bbox 259 5094 295 5152; x_wconf 91' lang='lat' dir='ltr'><strong>tis</strong></span> <span class='ocrx_word' id='word_1_790' title='bbox 308 5093 441 5151; x_wconf 86' lang='lat' dir='ltr'><strong>iratribus</strong></span> <span class='ocrx_word' id='word_1_791' title='bbox 456 5092 550 5149; x_wconf 77' lang='lat' dir='ltr'><strong>sinim.</strong></span> <span class='ocrx_word' id='word_1_792' title='bbox 575 5118 584 5141; x_wconf 83' lang='lat'><strong>·</strong></span> <span class='ocrx_word' id='word_1_793' title='bbox 606 5093 664 5150; x_wconf 88' lang='lat' dir='ltr'><strong>lloe</strong></span> <span class='ocrx_word' id='word_1_794' title='bbox 687 5110 736 5151; x_wconf 89' lang='lat' dir='ltr'><strong>sua</strong></span> <span class='ocrx_word' id='word_1_795' title='bbox 755 5093 809 5153; x_wconf 89' lang='lat' dir='ltr'><strong>lide</strong></span> <span class='ocrx_word' id='word_1_796' title='bbox 832 5096 965 5169; x_wconf 88' lang='lat' dir='ltr'><strong>loquitur.</strong></span> <span class='ocrx_word' id='word_1_797' title='bbox 990 5098 1059 5155; x_wconf 83' lang='lat' dir='ltr'><strong>«Ex</strong></span> <span class='ocrx_word' id='word_1_798' title='bbox 1112 5105 1194 5163; x_wconf 73' lang='lat' dir='ltr'><strong>quam</strong></span> <span class='ocrx_word' id='word_1_799' title='bbox 1210 5089 1337 5164; x_wconf 71' lang='lat' dir='ltr'><strong>subjecit,</strong></span> <span class='ocrx_word' id='word_1_800' title='bbox 1358 5091 1474 5150; x_wconf 76' lang='lat' dir='ltr'><strong>ditent:</strong></span> 
     </span>
    </p>
   </div>
   <div class='ocr_carea' id='block_1_4' title="bbox 258 5293 1917 5726">
    <p class='ocr_par' dir='ltr' id='par_1_4' title="bbox 258 5293 1917 5726">
     <span class='ocr_line' id='line_1_55' title="bbox 297 5293 1917 5379; baseline 0.008 -28"><span class='ocrx_word' id='word_1_801' title='bbox 297 5296 355 5378; x_wconf 77' lang='grc'><strong>(33)</strong></span> <span class='ocrx_word' id='word_1_802' title='bbox 370 5295 431 5378; x_wconf 78' lang='lat' dir='ltr'><strong>¹Vet.</strong></span> <span class='ocrx_word' id='word_1_803' title='bbox 447 5294 513 5351; x_wconf 89' lang='lat' dir='ltr'><strong>edit.</strong></span> <span class='ocrx_word' id='word_1_804' title='bbox 531 5309 562 5350; x_wconf 87' lang='lat' dir='ltr'><strong>ac</strong></span> <span class='ocrx_word' id='word_1_805' title='bbox 576 5309 641 5349; x_wconf 87' lang='lat' dir='ltr'><strong>mss.</strong></span> <span class='ocrx_word' id='word_1_806' title='bbox 658 5293 773 5366; x_wconf 89' lang='lat' dir='ltr'><strong>aliquot,</strong></span> <span class='ocrx_word' id='word_1_807' title='bbox 794 5297 858 5353; x_wconf 87' lang='lat' dir='ltr'><strong>Post</strong></span> <span class='ocrx_word' id='word_1_808' title='bbox 871 5297 979 5353; x_wconf 78' lang='lat' dir='ltr'><strong>omnim</strong></span> <span class='ocrx_word' id='word_1_809' title='bbox 994 5305 1017 5354; x_wconf 83' lang='lat' dir='ltr'><strong>et</strong></span> <span class='ocrx_word' id='word_1_810' title='bbox 1032 5299 1059 5354; x_wconf 86' lang='lat' dir='ltr'><strong>ia</strong></span> <span class='ocrx_word' id='word_1_811' title='bbox 1150 5301 1210 5374; x_wconf 82' lang='lat' dir='ltr'><strong>(tlt)</strong></span> <span class='ocrx_word' id='word_1_812' title='bbox 1229 5301 1311 5360; x_wconf 79' lang='lat' dir='ltr'><strong>Corb.</strong></span> <span class='ocrx_word' id='word_1_813' title='bbox 1327 5302 1401 5373; x_wconf 85' lang='grc'><strong>666,</strong></span> <span class='ocrx_word' id='word_1_814' title='bbox 1416 5305 1614 5376; x_wconf 81' lang='lat' dir='ltr'><strong>Apostolorum.</strong></span> <span class='ocrx_word' id='word_1_815' title='bbox 1628 5303 1768 5363; x_wconf 77' lang='lat' dir='ltr'><strong>Minimum</strong></span> <span class='ocrx_word' id='word_1_816' title='bbox 1783 5305 1874 5379; x_wconf 76' lang='lat' dir='ltr'><strong>itaque</strong></span> <span class='ocrx_word' id='word_1_817' title='bbox 1887 5323 1917 5364; x_wconf 79' lang='lat' dir='ltr'><strong>ee</strong></span> 
     </span>
     <span class='ocr_line' id='line_1_56' title="bbox 260 5367 1916 5448; baseline 0.008 -26"><span class='ocrx_word' id='word_1_818' title='bbox 260 5367 389 5423; x_wconf 75' lang='lat' dir='ltr'><strong>tertiodae</strong></span> <span class='ocrx_word' id='word_1_819' title='bbox 404 5382 577 5439; x_wconf 80' lang='lat' dir='ltr'><strong>resurgemus.</strong></span> <span class='ocrx_word' id='word_1_820' title='bbox 653 5433 659 5445; x_wconf 35' lang='lat'><em>¹</em></span> <span class='ocrx_word' id='word_1_821' title='bbox 1113 5373 1176 5429; x_wconf 87' lang='lat' dir='ltr'><strong>dicit</strong></span> <span class='ocrx_word' id='word_1_822' title='bbox 1195 5374 1375 5446; x_wconf 79' lang='lat' dir='ltr'><strong>apostolorum</strong></span> <span class='ocrx_word' id='word_1_823' title='bbox 1388 5374 1574 5444; x_wconf 82' lang='lat' dir='ltr'><strong>invocatione,</strong></span> <span class='ocrx_word' id='word_1_824' title='bbox 1599 5391 1653 5432; x_wconf 84' lang='lat' dir='ltr'><strong>moe</strong></span> <span class='ocrx_word' id='word_1_825' title='bbox 1675 5375 1705 5432; x_wconf 82' lang='lat' dir='ltr'><strong>in</strong></span> <span class='ocrx_word' id='word_1_826' title='bbox 1721 5377 1832 5448; x_wconf 59' lang='lat' dir='ltr'><strong>gratim</strong></span> <span class='ocrx_word' id='word_1_827' title='bbox 1858 5379 1916 5438; x_wconf 84' lang='lat' dir='ltr'><strong>Deo</strong></span> 
     </span>
     <span class='ocr_line' id='line_1_57' title="bbox 297 5438 1807 5520; baseline 0.007 -24"><span class='ocrx_word' id='word_1_828' title='bbox 297 5439 355 5511; x_wconf 86' lang='grc'><strong>(39)</strong></span> <span class='ocrx_word' id='word_1_829' title='bbox 369 5439 409 5496; x_wconf 89' lang='lat' dir='ltr'><strong>lta</strong></span> <span class='ocrx_word' id='word_1_830' title='bbox 430 5453 565 5520; x_wconf 62' lang='lat' dir='ltr'><strong>mennon</strong></span> <span class='ocrx_word' id='word_1_831' title='bbox 580 5450 670 5509; x_wconf 87' lang='lat' dir='ltr'><strong>pauor,</strong></span> <span class='ocrx_word' id='word_1_832' title='bbox 683 5443 710 5516; x_wconf 81' lang='lat' dir='ltr'><strong>et</strong></span> <span class='ocrx_word' id='word_1_833' title='bbox 725 5452 820 5520; x_wconf 81' lang='lat' dir='ltr'><strong>ornnes</strong></span> <span class='ocrx_word' id='word_1_834' title='bbox 829 5438 909 5520; x_wconf 78' lang='lat' dir='ltr'><strong>edit,</strong></span> <span class='ocrx_word' id='word_1_835' title='bbox 921 5439 973 5496; x_wconf 88' lang='lat' dir='ltr'><strong>uisi</strong></span> <span class='ocrx_word' id='word_1_836' title='bbox 985 5441 1059 5514; x_wconf 91' lang='lat' dir='ltr'><strong>quod</strong></span> <span class='ocrx_word' id='word_1_837' title='bbox 1113 5452 1199 5501; x_wconf 82' lang='lat' dir='ltr'><strong>autera</strong></span> <span class='ocrx_word' id='word_1_838' title='bbox 1213 5445 1260 5501; x_wconf 88' lang='lat' dir='ltr'><strong>dat</strong></span> <span class='ocrx_word' id='word_1_839' title='bbox 1273 5445 1387 5518; x_wconf 85' lang='lat' dir='ltr'><strong>gloriam</strong></span> <span class='ocrx_word' id='word_1_840' title='bbox 1401 5453 1424 5502; x_wconf 84' lang='lat' dir='ltr'><strong>et</strong></span> <span class='ocrx_word' id='word_1_841' title='bbox 1441 5448 1574 5515; x_wconf 78' lang='lat' dir='ltr'><strong>honorem,</strong></span> <span class='ocrx_word' id='word_1_842' title='bbox 1606 5447 1634 5502; x_wconf 84' lang='lat' dir='ltr'><strong>oi</strong></span> <span class='ocrx_word' id='word_1_843' title='bbox 1647 5463 1705 5503; x_wconf 82' lang='lat' dir='ltr'><strong>mm</strong></span> <span class='ocrx_word' id='word_1_844' title='bbox 1723 5447 1807 5520; x_wconf 79' lang='lat' dir='ltr'><strong>elegit.</strong></span> 
     </span>
     <span class='ocr_line' id='line_1_58' title="bbox 260 5507 1856 5586; baseline 0.009 -23"><span class='ocrx_word' id='word_1_845' title='bbox 260 5525 309 5580; x_wconf 91' lang='lat' dir='ltr'><strong>pro</strong></span> <span class='ocrx_word' id='word_1_846' title='bbox 322 5510 373 5566; x_wconf 82' lang='lat' dir='ltr'><strong>soli</strong></span> <span class='ocrx_word' id='word_1_847' title='bbox 392 5511 471 5567; x_wconf 85' lang='lat' dir='ltr'><strong>Petro</strong></span> <span class='ocrx_word' id='word_1_848' title='bbox 498 5526 526 5566; x_wconf 91' lang='lat' dir='ltr'><strong>m</strong></span> <span class='ocrx_word' id='word_1_849' title='bbox 550 5509 629 5566; x_wconf 82' lang='lat' dir='ltr'><strong>Rom.</strong></span> <span class='ocrx_word' id='word_1_850' title='bbox 651 5507 718 5564; x_wconf 81' lang='lat' dir='ltr'><strong>edit.</strong></span> <span class='ocrx_word' id='word_1_851' title='bbox 748 5510 772 5565; x_wconf 91' lang='lat' dir='ltr'><strong>le</strong></span> <span class='ocrx_word' id='word_1_852' title='bbox 792 5517 847 5566; x_wconf 87' lang='lat' dir='ltr'><strong>rtur</strong></span> <span class='ocrx_word' id='word_1_853' title='bbox 870 5511 1059 5568; x_wconf 60' lang='grc'><strong>6666666616</strong></span> <span class='ocrx_word' id='word_1_854' title='bbox 1163 5517 1208 5584; x_wconf 79' lang='lat' dir='ltr'><strong>tt)</strong></span> <span class='ocrx_word' id='word_1_855' title='bbox 1224 5516 1288 5574; x_wconf 84' lang='lat' dir='ltr'><strong>lies.</strong></span> <span class='ocrx_word' id='word_1_856' title='bbox 1304 5517 1341 5574; x_wconf 86' lang='lat' dir='ltr'><strong>ali</strong></span> <span class='ocrx_word' id='word_1_857' title='bbox 1361 5524 1409 5575; x_wconf 92' lang='lat' dir='ltr'><strong>not</strong></span> <span class='ocrx_word' id='word_1_858' title='bbox 1436 5517 1487 5586; x_wconf 86' lang='lat' dir='ltr'><strong>Qui</strong></span> <span class='ocrx_word' id='word_1_859' title='bbox 1501 5533 1589 5575; x_wconf 80' lang='grc'><strong>6666</strong></span> <span class='ocrx_word' id='word_1_860' title='bbox 1602 5524 1640 5574; x_wconf 90' lang='lat' dir='ltr'><strong>tot</strong></span> <span class='ocrx_word' id='word_1_861' title='bbox 1661 5519 1856 5578; x_wconf 71' lang='lat' dir='ltr'><strong>humiliabitur.</strong></span> 
     </span>
     <span class='ocr_line' id='line_1_59' title="bbox 258 5517 1766 5710; baseline 0.01 -76"><span class='ocrx_word' id='word_1_862' title='bbox 258 5595 326 5710; x_wconf 48' lang='lat' dir='ltr'><strong>{ero</strong></span> <span class='ocrx_word' id='word_1_863' title='bbox 339 5595 405 5709; x_wconf 44' lang='lat' dir='ltr'><strong>ruge.</strong></span> <span class='ocrx_word' id='word_1_864' title='bbox 422 5583 548 5654; x_wconf 77' lang='lat' dir='ltr'><strong>eliciunt,</strong></span> <span class='ocrx_word' id='word_1_865' title='bbox 571 5579 735 5654; x_wconf 72' lang='lat' dir='ltr'><strong>etcopiose</strong></span> <span class='ocrx_word' id='word_1_866' title='bbox 788 5597 865 5638; x_wconf 82' lang='lat' dir='ltr'><strong>mom</strong></span> <span class='ocrx_word' id='word_1_867' title='bbox 888 5587 1017 5640; x_wconf 80' lang='lat' dir='ltr'><strong>testentur</strong></span> <span class='ocrx_word' id='word_1_868' title='bbox 1031 5585 1059 5642; x_wconf 87' lang='lat' dir='ltr'><strong>ia</strong></span> <span class='ocrx_word' id='word_1_869' title='bbox 1150 5517 1211 5660; x_wconf 64' lang='grc'><strong>(62)</strong></span> <span class='ocrx_word' id='word_1_870' title='bbox 1226 5533 1425 5660; x_wconf 61' lang='lat' dir='ltr'><strong>codaxtqorbf,</strong></span> <span class='ocrx_word' id='word_1_871' title='bbox 1442 5595 1554 5665; x_wconf 81' lang='lat' dir='ltr'><strong>propter</strong></span> <span class='ocrx_word' id='word_1_872' title='bbox 1571 5561 1766 5649; x_wconf 70' lang='lat' dir='ltr'><strong>mnac’ientiem.</strong></span> 
     </span>
     <span class='ocr_line' id='line_1_60' title="bbox 286 5667 1271 5726; baseline 0.011 -21"><span class='ocrx_word' id='word_1_873' title='bbox 286 5667 415 5726; x_wconf 69' lang='grc'><strong>6669666.</strong></span> <span class='ocrx_word' id='word_1_874' title='bbox 1260 5671 1271 5684; x_wconf 78' lang='lat'><strong><em>‘</em></strong></span> 
     </span>
    </p>
   </div>
   <div class='ocr_carea' id='block_1_5' title="bbox 0 0 2052 6182">
    <p class='ocr_par' dir='ltr' id='par_1_5' title="bbox 0 0 2052 6182">
     <span class='ocr_line' id='line_1_61' title="bbox 0 0 2052 6182; baseline 0 1"><span class='ocrx_word' id='word_1_875' title='bbox 0 0 2052 6182; x_wconf 95' lang='lat' dir='ltr'><strong> </strong></span> 
     </span>
    </p>
   </div>
  </div>
 </body>
</html>
