4122 6192
291 279 325 336 43
808 276 855 330 AD
875 273 991 329 OPERA
1011 271 1039 327 S.
1059 269 1226 327 amenesii
1247 268 1437 324 APPHNDlll.
1903 261 1937 316 44

291 425 353 467 444
366 407 432 480 ipsis
451 407 608 474 conveniat,
621 404 651 462 id
665 405 730 460 inde
746 407 858 471 lactum,
875 402 948 474 quod
971 417 1017 457 eos
1039 401 1087 474 qui
1111 397 1308 461 commentaria
1329 396 1476 454 lucubraiit
1495 395 1524 452 iii
1545 395 1673 454 eumdem
1699 394 1814 464 librum,
1836 394 1937 469 ubique

291 495 445 566 discrepare
467 493 637 566 impossibile
661 491 707 550 sit.
730 493 822 564 Neque
842 500 933 548 tamen
953 488 1073 546 ibimus:
1090 488 1198 546 inficias
1214 496 1353 546 auctorem
1375 495 1501 544 nostrum
1523 485 1558 543 ab
1581 486 1754 559 Hieronymo
1779 493 1937 542 mutuatum

291 583 415 658 quaedani
432 582 531 652 videri,
547 582 670 640 sederim
686 589 828 654 propterea
840 578 1057 650 compilatorem,
1073 594 1127 651 quo
1142 577 1253 651 quidem
1269 593 1351 634 sensu
1366 576 1408 632 illi
1432 575 1604 648 intelligunt,
1622 573 1779 632 babendum
1798 589 1857 630 esse
1885 589 1939 630 non
2033 651 2038 660 ⁶

291 673 467 730 arbitramur.
484 673 524 728 liii
538 673 601 728 aliis
614 682 704 728 autem
722 688 768 744 qui
784 669 882 726 horum
901 669 1166 726 Coiiiiiirntarioruiii
1184 675 1321 722 44414444
1339 683 1436 724 eruere
1450 668 1541 724 conati
1557 673 1632 730 sunt,
1644 665 1691 738 qui
1706 663 1800 721 eadem
1816 664 1940 736 Heiiiigio

291 764 486 830 attribuerunt,
503 763 602 820 144144
623 762 707 816 lucre.
727 759 835 815 Etenim
850 775 913 816 444
927 759 955 814 44
979 758 1139 814 Bibliotheca
1158 759 1281 823 Putrem,
1298 763 1357 810 tuin
1378 756 1406 810 in
1435 755 1629 827 manuscriptis
1653 771 1708 810 444
1724 754 1826 826 paucis,
1844 754 1942 810 Heini-

291 857 370 927 giaiia
385 861 494 909 4441441
512 851 546 908 44
561 852 605 905 444
617 850 717 906 nostris
732 849 812 920 41444
825 847 944 904 diiersa.
961 848 1019 904 Non
1034 847 1182 902 ilelueruat
1197 847 1278 902 etiam
1296 849 1343 918 qui
1360 846 1432 902 hanc
1450 845 1712 902 commentationem
1729 845 1771 899 iel
1783 843 1885 899 iuliani
1896 843 1941 900 441

291 945 405 1002 alterius
416 943 567 1016 cujuspiam
584 939 721 1011 Pelagiiini
737 953 794 994 esse
808 939 1015 994 coiiiendereiit.
1033 936 1084 993 Sed
1108 938 1215 993 inverti
1240 946 1304 992 4441
1319 937 1448 992 similiter
1463 937 1621 1006 scriptores,
1640 937 1741 1010 quibus
1756 937 1831 994 illius
1846 944 1942 994 auctor

292 1035 431 1092 videretur
447 1031 604 1088 liberandus
616 1029 650 1084 ab
665 1030 717 1085 ista
732 1037 808 1096 nota,
824 1038 850 1084 41
867 1029 889 1084 44
906 1029 973 1101 quid
987 1029 1057 1084 loite
1069 1027 1142 1101 quod
1159 1026 1215 1082 illis
1230 1026 1366 1082 haereticis
1382 1025 1473 1082 lavere
1490 1034 1591 1098 posset,
1610 1026 1668 1083 illic
1686 1034 1822 1095 occurrat,
1843 1026 1943 1082 44444

291 1122 475 1188 4414444444,
491 1120 564 1192 quod
580 1135 641 1174 cuni
658 1126 720 1174 ante
735 1127 859 1174 exortam
874 1118 1032 1175 eorumdem
1049 1118 1174 1174 liaeresim
1192 1117 1239 1172 ille
1253 1116 1393 1183 scriberet,
1411 1115 1503 1172 minus
1525 1123 1604 1172 caute
1627 1115 1854 1189 considerateque
1873 1121 1944 1172 osset

291 1214 408 1268 locutus.
424 1210 528 1266 Ultima
539 1207 659 1275 taudem,
677 1223 736 1281 qua
752 1215 779 1264 et
793 1208 978 1275 communior,
994 1225 1089 1265 eorum
1108 1206 1203 1278 opinio
1215 1217 1265 1276 est,
1279 1209 1325 1280 qui
1341 1207 1476 1263 Hilarium
1492 1208 1622 1264 1144444
1636 1207 1766 1264 Ecclesiae
1782 1207 1943 1275 diaconum,

291 1301 338 1376 qui
352 1317 414 1358 curii
430 1297 606 1356 Luciferiano
618 1296 760 1354 schismati
774 1296 943 1365 ailliaesisset,
954 1297 988 1352 ab
1000 1297 1168 1370 Hieronymo
1180 1305 1235 1354 tam
1249 1312 1344 1368 aspero
1359 1299 1433 1370 stylo
1446 1307 1577 1370 exceptus
1592 1296 1743 1370 1414111141.
1755 1295 1943 1367 4444444444.

290 1397 352 1466 4441
372 1389 470 1459 444),
486 1404 582 1444 44444
598 1385 712 1459 hujusce
726 1385 823 1457 Operis
837 1393 978 1442 auctorem
993 1387 1104 1444 dicunt:
1116 1387 1153 1443 At
1166 1402 1230 1444 oum
1243 1385 1299 1442 siut
1311 1402 1420 1460 quoque
1438 1404 1454 1444 a
1466 1387 1568 1461 quibus
1582 1386 1648 1444 liuic
1669 1385 1812 1444 sententiaa
1828 1393 1945 1443 contra-

291 1479 409 1550 dicatur,
425 1478 496 1535 illud
511 1478 667 1536 accuratius
684 1475 907 1550 perpendendum
922 1482 973 1532 est.

327 1567 542 1628 Observabimus
556 1567 586 1624 44
601 1567 698 1640 primis
711 1567 761 1622 viii
773 1565 861 1622 ulluin
876 1564 937 1622 veri
946 1563 1086 1620 Ambrosii
1097 1579 1166 1636 opus
1180 1579 1248 1632 esse,
1264 1563 1345 1638 cujus
1364 1564 1444 1638 plura
1458 1563 1627 1637 exemplaria
1641 1565 1768 1624 omnium
1781 1563 1945 1623 41414444

292 1657 457 1730 octingentis
472 1655 553 1712 annis
568 1655 751 1728 reperiantur,
767 1671 849 1727 quam
866 1653 950 1728 huius
965 1651 1187 1710 Ambrosiastri:
1216 1654 1263 1711 sed
1285 1671 1380 1712 eormn
1407 1656 1542 1712 nonnulla
1563 1655 1597 1713 ab
1621 1655 1684 1712 aliis
1709 1654 1843 1714 dissidere
1864 1655 1940 1714 baud

291 1747 478 1807 mediocriter.
494 1746 645 1805 Enimuero
659 1746 689 1804 in
703 1745 874 1803 bibliotheca
888 1745 1048 1804 Corbeiensi
1062 1760 1150 1800 unum
1169 1742 1286 1802 liabetur
1300 1745 1384 1803 tornis
1398 1743 1506 1806 duobus
1515 1745 1756 1820 comprehensum,
1768 1762 1823 1821 quo
1835 1746 1945 1802 nullum

292 1839 379 1906 aliud,
395 1837 454 1894 4444
469 1835 673 1910 antiquitatem,
690 1835 750 1892 sire
764 1834 953 1893 characterum
971 1831 1134 1907 elegantiam
1147 1842 1262 1906 spectes,
1279 1834 1563 1908 prestantiusuidere
1577 1835 1658 1892 nobis
1673 1835 1761 1893 licuit.
1786 1833 1823 1892 At
1835 1850 1899 1892 cum
1914 1833 1946 1890 in

292 1944 325 1986 4ο
335 1926 540 1986 commentaria
555 1926 585 1982 in
599 1941 694 1984 omnes
709 1925 787 1982 Pauli
803 1924 944 1999 epistolas,
966 1924 1016 1980 illa
1028 1932 1142 1997 excepta
1157 1941 1217 1998 quae
1232 1924 1267 1981 ad
1282 1925 1411 1984 Hebraeos
1424 1925 1597 1994 inscribitur,
1613 1925 1665 1983 sub
1678 1925 1791 1984 nomine
1805 1925 1947 1983 Ambrosii

293 2017 498 2086 contineantur,
512 2033 575 2075 cum
594 2015 657 2074 aliis
670 2015 814 2074 codicibus
827 2014 937 2087 scriptis
950 2024 1032 2090 atque
1045 2014 1128 2071 editis
1138 2015 1331 2073 tantummodo
1347 2016 1375 2073 iii
1387 2016 1491 2090 priores
1504 2024 1559 2074 tres
1575 2015 1705 2090 epistolas
1719 2015 1866 2084 consentit,
1882 2016 1948 2073 dis-

293 2115 385 2180 crepat
399 2121 465 2164 4444
482 2106 511 2164 44
526 2114 646 2165 cateias.
662 2105 791 2164 Habanus
805 2105 918 2162 4144444
930 2104 959 2162 44
974 2104 1180 2164 Commentario
1194 2119 1244 2161 suo
1259 2119 1294 2160 eii
1308 2103 1435 2162 Patribus
1450 2106 1565 2162 collecto
1581 2104 1698 2162 ulterius
1723 2119 1890 2178 progressus,
1914 2119 1948 2160 ea

293 2194 388 2254 omnia
400 2195 512 2253 nomine
527 2195 669 2254 Ambrosii
682 2195 777 2266 donat,
792 2212 852 2269 quae
876 2211 911 2251 eir
935 2194 1140 2254 Ambrosiastro
1161 2193 1190 2249 in
1217 2192 1346 2266 epistolas
1373 2195 1496 2268 quinque
1518 2194 1623 2268 priores
1645 2194 1731 2267 petita
1745 2193 1829 2260 citat;
1854 2192 1902 2249 sed
1916 2192 1948 2248 in

293 2283 414 2358 reliquas
427 2283 563 2360 quidquid
578 2283 675 2341 inserit
688 2283 740 2340 suh
755 2283 837 2340 titulo
853 2283 941 2340 sancti
960 2283 1091 2354 doctoris,
1111 2300 1143 2341 ea
1164 2284 1193 2341 in
1217 2287 1276 2342 solo
1298 2286 1456 2344 Corbeiensi
1481 2286 1575 2344 codice
1599 2285 1719 2359 reperire
1742 2292 1792 2341 est.
1816 2283 1948 2342 Citautur

294 2390 402 2450 quoque
417 2375 451 2430 ab
464 2374 549 2430 lione
562 2373 724 2432 Carnutensi
740 2373 855 2446 (Decret.
870 2380 942 2446 part.
961 2389 1019 2433 444.
1032 2392 1091 2449 cap.
1107 2374 1154 2448 84)
1178 2392 1212 2434 eii
1229 2376 1343 2448 prologo
1356 2375 1539 2450 expositionis
1554 2376 1677 2449 epistolae
1699 2373 1733 2433 ad
1756 2373 1949 2432 Philemonem

294 2462 378 2520 verba
393 2463 538 2532 nonnulla,
554 2479 614 2537 quae
629 2479 686 2520 non
701 2460 755 2518 4444
771 2461 843 2534 4444
857 2461 999 2520 Rabanum
1014 2463 1084 2520 etin
1099 2463 1257 2523 Corbeiensi
1273 2467 1368 2526 codice
1383 2466 1514 2541 reperias.

329 2551 427 2609 lsthaec
449 2552 543 2609 omnia
558 2551 683 2627 quisquis
697 2558 801 2608 attente
815 2551 1012 2621 consideravit,
1023 2551 1081 2624 jam
1101 2553 1196 2610 mirari
1209 2554 1315 2613 desinet
1329 2558 1416 2613 multa
1429 2555 1459 2611 in
1473 2563 1585 2614 auctore
1601 2562 1696 2611 nostro
1708 2550 1869 2620 desiderari,
1885 2567 1949 2625 quae

293 2656 310 2696 4
325 2639 478 2698 Lanlranco
493 2647 624 2714 tanquam
637 2654 673 2696 ex
687 2638 878 2696 Ambrosianis
902 2639 1114 2699 Commentariis
1128 2641 1158 2700 iii
1172 2644 1337 2718 Apostolum
1361 2645 1540 2718 proferuntur
1556 2661 1561 2702 :
1590 2642 1725 2717 facileque
1747 2641 1951 2700 animadvertet

293 2728 380 2785 444444
394 2729 572 2786 Ρ441444444
588 2728 766 2802 epistolarum
782 2728 1002 2786 enarrationibus
1017 2729 1156 2787 Ambrosii
1170 2748 1271 2789 nomen
1286 2733 1321 2790 ab
1343 2734 1509 2809 antiquariis
1526 2732 1646 2790 inditum
1662 2747 1730 2788 esse.
1745 2730 1818 2788 Illud
1833 2730 1949 2802 insuper

294 2815 481 2889 adjiciendum
496 2825 548 2886 est,
563 2816 673 2874 eosdem
692 2815 820 2873 librarios
833 2832 932 2888 magna
946 2817 1058 2874 licentia
1071 2819 1168 2876 saltem
1184 2820 1213 2876 in
1226 2828 1282 2878 tres
1295 2823 1401 2896 priores
1415 2823 1545 2896 epistolas
1559 2823 1657 2880 abusos
1672 2837 1748 2890 esse;
1765 2819 1948 2896 qnandoqui-

294 2905 356 2963 dem
369 2906 403 2964 ab
417 2906 456 2963 eis
470 2923 526 2963 non
540 2922 602 2962 raro
617 2907 698 2979 longa
713 2905 866 2978 fragmenta
880 2904 983 2962 ibidem
1007 2907 1110 2964 inserta
1132 2907 1218 2964 luisse
1244 2909 1385 2982 probabile
1406 2919 1458 2982 est,
1483 2927 1544 2985 444
1568 2911 1598 2967 44
1617 2909 1817 2966 4414414444444
1840 2923 1948 2964 manu-

295 2995 406 3068 scriptis
420 3012 477 3052 non
492 2993 685 3062 inveniuntur,
698 3001 729 3050 ut
744 2994 772 3048 in
789 2993 873 3050 variis
887 2993 1054 3052 lectionibus
1075 2997 1262 3056 annotabitnr.
1289 3002 1409 3076 Indeque
1431 3002 1495 3060 duci
1519 3007 1609 3074 potest
1626 2999 1774 3056 vehemens
1787 2997 1949 3071 coniectura

238 3134 243 3144 .
295 3090 393 3140 contra
407 3081 492 3156 hujus
508 3083 605 3155 Operis
619 3083 805 3156 integritatem
819 3098 851 3140 ac
864 3083 1070 3154 sinceritatem;
1085 3101 1137 3143 nec
1151 3088 1274 3160 expediti
1285 3089 1389 3163 judicii
1404 3107 1462 3149 rem
1476 3107 1534 3149 esse
1553 3088 1738 3165 cognoscitur,
1754 3095 1848 3145 utrum
1864 3087 1949 3144 unius

296 3186 330 3227 an
340 3171 463 3245 plurium
479 3179 622 3229 auctorum
634 3172 790 3229 lucubratio
800 3171 846 3243 sit,
860 3173 1005 3230 affirmare.

332 3262 468 3321 Caetemm
487 3261 510 3319 si
533 3260 696 3335 negabimus
719 3262 841 3334 plurium
863 3277 931 3330 esse,
959 3262 1042 3319 simul
1067 3264 1150 3320 etiam
1173 3266 1316 3324 fatendum
1338 3269 1480 3327 videbitur
1503 3271 1610 3344 antiqui
1633 3287 1690 3328 esse
1709 3267 1947 3326 commentatoris.

296 3349 377 3422 Quod
392 3351 466 3408 enim
483 3351 522 3408 ait
536 3351 582 3424 (lii
595 3350 684 3422 Epist.
700 3351 717 3406 1
728 3351 765 3406 cd
783 3352 894 3408 Timoth.
909 3368 969 3425 cap.
987 3353 1030 3424 iii)
1044 3351 1078 3408 de
1091 3353 1224 3424 Ecclesia,
1240 3357 1316 3426 cujus
1329 3359 1405 3415 hodie
1417 3366 1552 3415 44144441
1565 3361 1709 3428 Damasus,
1729 3366 1778 3417 aut
1792 3359 1948 3430 interpola-

295 3443 350 3499 tori
364 3442 450 3499 tribui
464 3442 545 3500 debet
562 3441 601 3514 (et
612 3455 676 3497 sane
691 3439 803 3496 illorum
821 3448 973 3513 temporum
983 3457 1065 3497 usum
1079 3457 1135 3498 nou
1151 3445 1232 3515 sapit,
1252 3459 1340 3518 neque
1359 3448 1450 3504 sensui
1470 3447 1653 3506 necessarium
1676 3449 1741 3522 est),
1765 3455 1812 3506 aut
1834 3447 1947 3520 planum

295 3531 343 3588 liet
360 3531 487 3588 eumdem
508 3539 648 3586 auctorem
674 3535 737 3585 ante
760 3544 864 3584 anuum
893 3527 956 3597 aet,
985 3544 1039 3600 quo
1063 3530 1136 3587 idem
1155 3547 1226 3604 papa
1249 3535 1343 3592 rivere
1367 3537 1460 3608 desiit,
1484 3539 1688 3598 Commentaria
1713 3555 1762 3596 sua
1789 3537 1947 3612 scripsisse.

295 3621 367 3678 Hinc
382 3620 464 3678 etiam
480 3626 572 3692 potest
587 3619 616 3674 id
634 3618 803 3686 conlirmari,
817 3617 892 3690 quod
910 3618 1100 3676 lilarcionistas
1114 3620 1204 3678 adbuc
1216 3639 1356 3706 superesse
1380 3627 1439 3684 illic
1458 3636 1589 3695 testatum
1605 3627 1737 3699 quamuis,
1755 3626 1847 3700 inquit
1862 3626 1948 3698 (1444.

295 3709 414 3783 44441,
432 3727 497 3782 pene
522 3709 672 3779 defecerint.
701 3711 813 3768 Certum
842 3709 953 3783 quidem
981 3717 1022 3767 est
1053 3728 1088 3768 eii
1112 3711 1269 3784 Epiphanio
1292 3715 1512 3790 (4444441144
1540 3717 1712 3774 Theodoreto
1735 3715 1798 3787 (lib.
1817 3733 1826 3772 i
1846 3717 1947 3772 Hares.

296 3802 382 3874 sobal.
402 3819 461 3875 cap.
480 3801 526 3873 ali
543 3801 620 3859 tarde
634 3801 783 3858 admodum
810 3802 962 3858 exstinctos
989 3817 1047 3858 esse
1072 3801 1122 3857 bos
1147 3801 1314 3861 haereticos:
1336 3808 1383 3862 sed
1411 3816 1518 3864 roiistat
1542 3809 1625 3863 41444
1641 3805 1768 3878 41444444
1784 3804 1853 3861 14444
1871 3803 1948 3860 4444

296 3911 367 3969 agre
382 3895 446 3952 illos
462 3895 491 3951 in
506 3893 732 3963 Manichaeorum,
745 3895 793 3966 qui
809 3895 980 3967 frequentius
996 3892 1041 3950 liic
1065 3899 1262 3962 memorantur,
1278 3905 1367 3965 partes
1390 3898 1529 3954 transisse.
1548 3897 1645 3954 Obiter
1667 3909 1777 3969 quoque
1801 3893 1951 3952 observan-

297 3984 363 4042 dum
380 3985 492 4041 ridetur
509 3985 539 4040 in
563 3983 615 4041 boc
639 4000 721 4057 opere
745 3991 913 4041 mentionem
938 3984 1061 4056 14444114
1074 3983 1162 4054 Epist.
1179 3983 1210 4038 ll
1223 3983 1259 4037 44
1278 3985 1389 4042 144414.
1406 4004 1465 4061 cap.
1488 3995 1531 4060 44)
1557 3989 1624 4060 legis
1649 3985 1793 4057 cujusdam
1817 3983 1952 4040 adversus

297 4091 373 4132 4444
397 4073 557 4132 Domitiano
581 4075 769 4148 promulgatae,
798 4091 879 4148 quain
909 4075 938 4129 iii
965 4073 1023 4129 sola
1052 4072 1207 4128 collectione
1234 4074 1317 4144 leporii
1342 4075 1523 4132 Moseieeriiiii
1551 4083 1575 4132 et
1604 4077 1786 4132 1144444444
1810 4071 1950 4127 invenias.

296 4165 369 4224 lllud
383 4168 474 4224 adhuc
488 4167 610 4225 auctoris
626 4166 817 4239 antiquitatem
835 4165 922 4238 magis
936 4165 1070 4236 designat,
1096 4161 1169 4235 quod
1194 4163 1359 4232 patricianus
1382 4169 1426 4236 (lii
1447 4166 1535 4236 Epist.
1551 4165 1615 4221 lod
1643 4163 1709 4220 Tim.
1726 4177 1786 4234 cap.
1804 4179 1832 4217 iv
1835 4165 1857 4232 1,
1873 4177 1952 4235 quo-

296 4271 358 4312 rum
373 4256 535 4314 Philastnus
549 4259 611 4332 (lib.
628 4257 840 4323 1144444444)
856 4256 1083 4328 Augustinnsque
1102 4251 1281 4322 superstitum
1302 4252 1471 4322 meminere,
1493 4269 1549 4309 non
1567 4249 1768 4324 praetermittit,
1784 4265 1848 4304 cum
1876 4249 1953 4304 ultra

297 4345 428 4402 saeculum
444 4345 573 4417 quintum
593 4349 753 4421 neutiquam
767 4345 952 4418 pervenerint.
969 4344 1115 4414 Propterea
1134 4350 1295 4396 caeterorum
1312 4339 1515 4412 hereticorum,
1530 4358 1599 4417 quos
1613 4338 1774 4412 aggreditur
1788 4337 1868 4410 longe
1882 4338 1953 4408 plu-

296 4435 393 4503 rimos,
408 4434 631 4492 nullusrelertur
646 4436 727 4506 paulo
743 4434 889 4490 recentior.
906 4433 1030 4503 Cumque
1053 4431 1082 4486 iii
1105 4431 1265 4500 Donatistis,
1290 4431 1461 4503 Horatianis,
1488 4432 1601 4489 Arianis
1619 4438 1646 4485 et
1670 4425 1847 4484 Photinianis
1870 4428 1953 4484 44141-

297 4523 388 4580 144444
402 4522 526 4580 crebrius
539 4533 621 4595 atque
637 4521 779 4595 operosius
794 4538 877 4594 quam
901 4537 930 4576 in
953 4519 1016 4576 aliis
1035 4520 1186 4588 incumbat,
1206 4519 1235 4576 id
1250 4521 1323 4578 haud
1339 4522 1422 4578 dubie
1438 4522 1543 4579 indicio
1557 4525 1599 4575 est
1613 4515 1779 4590 posteriores
1794 4517 1952 4591 haereticos,

297 4620 364 4687 puta
377 4612 554 4669 Nestorianos
569 4618 597 4668 et
612 4611 734 4685 reliquos
747 4611 922 4685 sequentium
937 4619 1092 4683 temporum
1108 4611 1225 4669 necdum
1243 4613 1394 4681 emersisse,
1418 4613 1465 4669 sed
1486 4625 1593 4678 eorum,
1619 4623 1687 4680 quos
1710 4606 1794 4663 inodo
1818 4609 1954 4664 nomina-

296 4702 404 4767 bamus‚
422 4703 538 4759 haereses
551 4711 618 4759 tunc
633 4701 764 4775 viguisse.
781 4703 842 4758 Huc
854 4700 924 4758 adde
938 4701 972 4758 ab
986 4717 1018 4758 eo
1033 4701 1166 4772 scriptore
1182 4709 1287 4758 textum
1303 4701 1427 4772 Apostoli
1440 4699 1559 4758 subinde
1574 4698 1655 4756 citari
1679 4713 1714 4753 eii
1736 4697 1790 4752 alia
1812 4699 1952 4768 versione,

297 4807 378 4866 quani
395 4806 448 4864 qua
462 4807 537 4848 nunc
551 4792 657 4849 utiuiur
673 4809 679 4847 :
696 4801 724 4852 41
743 4791 851 4850 Veteris
875 4792 1042 4848 Testamenti
1067 4790 1226 4846 testimonia
1246 4805 1281 4845 eii
1300 4790 1427 4846 versione
1450 4790 1525 4846 ixx
1550 4787 1651 4844 Senum
1675 4785 1761 4858 petita
1785 4801 1854 4843 esse.
1877 4787 1955 4846 lllud

297 4880 379 4936 etiam
394 4879 490 4936 eodem
510 4888 622 4952 spectat,
638 4882 711 4954 qnod
725 4897 760 4938 eir
775 4881 934 4938 auctoribus
949 4879 1144 4938 ecclesiasticis
1159 4895 1214 4933 non
1238 4877 1292 4934 nisi
1316 4879 1493 4944 Tertulliani,
1509 4877 1653 4951 Cypriani,
1671 4891 1703 4932 ac
1718 4873 1857 4933 Victorini
1874 4876 1954 4936 locos

297 4971 420 5041 adliibet,
435 4988 552 5044 quornm
567 4973 684 5029 ultimus
700 4975 847 5030 Damasum
863 4974 983 5046 aequavit
996 4970 1170 5044 antiquitate.
1187 4967 1229 5023 Ad
1241 4976 1409 5041 postremum
1424 4969 1490 5024 inde
1505 4968 1634 5024 similiter
1648 4964 1735 5021 asturi
1749 4973 1838 5036 potest
1851 4966 1951 5024 eadem

297 5069 373 5130 aias,
389 5061 463 5135 quod
480 5061 510 5118 in
525 5065 718 5136 agrotantium
733 5064 907 5135 baptismate,
923 5061 1040 5134 aliisque
1059 5058 1197 5132 capitibus
1219 5074 1276 5114 non
1297 5059 1402 5131 paucis,
1420 5057 1634 5117 ecclesiasticam
1655 5055 1769 5112 illorum
1792 5062 1952 5127 teoipomm

298 5154 474 5226 disciplinam
491 5156 606 5228 pulchre
622 5163 807 5230 repraesentet.

333 5243 433 5301 Ouinia
446 5259 462 5298 a
475 5243 555 5300 nobis
571 5245 616 5302 bic
640 5253 790 5302 memorata
815 5244 946 5301 videntur
972 5237 1114 5311 suffragari
1139 5251 1234 5293 eorum
1259 5235 1413 5304 sententie,
1437 5236 1486 5309 qui
1502 5234 1560 5292 444
1574 5232 1781 5292 Commentaria
1793 5231 1829 5288 ab
1843 5232 1952 5291 Hilario

298 5334 372 5394 edita
389 5336 487 5392 volunt
504 5350 510 5390 :
538 5335 567 5391 in
583 5353 665 5409 quain
681 5335 840 5409 opinionem
855 5333 967 5392 adducti
982 5333 1058 5388 luere
1073 5327 1224 5401 Augustini
1249 5327 1417 5396 testimonio,
1437 5338 1533 5384 contra
1558 5323 1719 5396 Pelagianos
1742 5324 1782 5379 ita
1805 5324 1952 5382 scribentis

299 5424 362 5497 (lib.
375 5441 405 5484 iv
418 5428 486 5482 cont.
499 5424 567 5482 dues
580 5426 668 5497 Epist.
682 5427 772 5498 Pelog.
787 5441 847 5498 cap.
864 5425 917 5499 lep:
948 5423 1016 5480 Num
1041 5427 1066 5476 et
1088 5419 1126 5474 sic
1148 5423 1254 5473 sanetus
1276 5417 1401 5474 Hilarius
1423 5415 1557 5474 4414114441
1579 5413 1651 5486 quod
1677 5413 1807 5485 scriptum
1833 5417 1892 5471 eat:
1918 5415 1953 5471 In

299 5533 350 5588 444
364 5533 452 5574 omnes
463 5521 645 5591 peccaverant,
661 5514 701 5572 cit
714 5515 805 5571 enini:
822 5516 930 5586 laquo,
944 5511 1030 5580 idest,
1045 5510 1074 5565 in
1091 5510 1192 5578 Adoni,
1208 5518 1236 5566 et
1249 5515 1350 5567 caetera
1375 5524 1435 5583 quas
1457 5506 1491 5564 ad
1512 5505 1604 5580 apices
1628 5504 1658 5560 in
1682 5502 1735 5559 boc
1757 5518 1839 5575 opere
1864 5503 1953 5576 legere

299 5604 374 5663 lieet.
390 5607 476 5683 Atqui
502 5603 609 5675 isthac,
633 5603 775 5679 inquiunt,
804 5601 937 5677 quadrare
966 5607 1108 5676 nequeunt
1133 5597 1186 5656 nisi
1218 5596 1248 5654 in
1277 5597 1417 5654 Hilarium
1443 5595 1605 5662 diaconum,
1625 5590 1674 5666 qui
1689 5605 1717 5647 se
1731 5591 1849 5646 Damaso
1868 5587 1953 5645 luisse
1986 5583 1990 5598 '

299 5709 422 5755 eoaevmn
436 5697 494 5770 ipse
507 5695 655 5771 significat.
676 5694 735 5754 lllis
758 5691 871 5769 quidem
890 5691 1029 5766 objectum
1053 5689 1108 5749 luit
1136 5687 1337 5763 rebaptizantes
1361 5687 1470 5745 acriter·
1485 5680 1580 5757 urgeri
1606 5679 1640 5739 ab
1664 5678 1717 5736 boc
1737 5684 1860 5745 auctore,
1883 5689 1953 5732 cuin
