4074 6178
256 365 325 427 11311

756 349 804 407 ΑΙ)
824 348 941 407 OPERA
960 345 988 402 S.
1006 341 1174 402 Aueeosu
1193 331 1383 398 APPENDIX.

1833 327 1907 388 1136

179 507 184 516 ’
255 491 375 551 sartione
388 487 551 546 declaratur.
568 480 657 540 Video
679 473 754 533 enim
776 474 851 529 hunc
874 470 1049 528 sanissimum
1064 471 1090 530 h
1106 468 1181 525 teris.
1197 465 1373 526 Chromatius
1387 461 1482 520 dixit:
1508 459 1603 518 lndica
1621 473 1686 531 ergo
1700 455 1771 514 mibi
1789 457 1853 532 qais
1870 457 1908 514 sit

256 598 338 658 quem
351 575 497 652 podagrico
509 579 537 628 et
554 568 706 642 chiragrico
721 566 845 624 videram
867 562 961 619 dolore
977 576 1050 618 cou-

255 679 383 732 tractum.
407 665 515 738 Aquos
539 676 623 735 genus
639 654 832 715 medicamenti
859 651 933 710 unde
953 651 1050 708 fuisset

256 761 376 818 salvatus
398 754 550 829 inquirens,
575 750 629 806 tale
645 748 678 804 ab
692 764 723 804 eo
752 744 841 818 recepi
864 757 1049 816 responsura:

146 876 154 886 =
255 851 326 907 Dum
341 843 423 901 fidem
445 857 532 898 meam
549 839 578 896 in
594 836 678 894 idolis
695 851 834 908 ponerem,
850 833 950 889 debilis
965 837 992 886 et
1004 829 1053 886 ni-

256 937 313 994 mia
326 952 387 992 sum
401 929 562 988 infirmitate
576 935 749 986 contractus:
762 932 789 980 at
802 923 850 980 ubi
865 938 952 979 unum
965 921 1051 976 Deum

257 1027 287 1084 in
301 1023 379 1085 coelis
394 1021 479 1080 didici
493 1017 649 1077 ostensione
664 1015 896 1081 Christianorum,
919 1007 1052 1081 abnegavi

257 1116 388 1174 universa
402 1129 464 1187 quae
478 1110 538 1168 sine
552 1125 634 1166 causa
648 1107 798 1172 colueram,
813 1111 840 1160 ct
854 1101 954 1161 tradidi
970 1098 1050 1131 Μ

258 1205 344 1265 animi
370 1204 425 1260 mei
449 1199 559 1260 Christo
580 1198 650 1311 (592.
675 1197 736 1252 111ἵ
762 1183 850 1224 “⁰¹¹¹
871 1175 901 1221 111
919 1183 1005 1222 unum
1025 1173 1051 1222 el

258 1313 355 1356 ,emm
370 1297 458 1352 Deum
475 1292 504 1349 in
517 1289 593 1338 ww
609 1277 623 1310 r
640 1272 721 1329 gnare
740 1257 881 1314 confessus
894 1274 967 1324 sum,
991 1265 1052 1314 sta-

275 1387 280 1398 .
394 1383 409 1404 ..
456 1361 517 1402 uam
568 1344 724 1403 rundeoim
738 1363 825 1404 annos
839 1347 982 1402 amiseram
1017 1346 1050 1404 ad

254 1370 476 1492 1111111111
494 1361 606 1502 satietas,
631 1444 658 1492 et
678 1436 768 1492 omuis
783 1453 798 1492 1
813 1453 856 1492 me
871 1446 911 1493 est
925 1391 1051 1510 protinus

254 1525 403 1586 infirmitas
427 1533 559 1598 separata.
588 1525 652 1582 llaee
674 1526 769 1583 audivi
790 1528 913 1596 auribus,
935 1527 1050 1600 probavi

254 1617 353 1686 oculis,
382 1616 467 1676 corde
496 1615 618 1684 credidi;
648 1625 770 1691 superest
795 1631 826 1674 ut
851 1616 924 1691 quod
948 1617 1051 1674 fecistis

254 1704 448 1780 Tranquilliuo
463 1704 574 1762 etmihi
589 1705 707 1776 faciatis,
723 1712 754 1763 ut
769 1707 872 1779 possim
887 1709 941 1764 mei
956 1723 1050 1780 corpo·

253 1797 293 1855 ris
307 1797 428 1870 recipere
442 1795 598 1853 sanitatem.

290 1885 521 1958 1111111111
544 1883 688 1958 presbyter
710 1883 803 1942 dixit:
827 1884 855 1942 Si
880 1894 1053 1944 transeuntes

254 1975 363 2032 dolores
385 1973 477 2030 anima
500 1971 624 2030 bominis
647 1989 703 2030 non
726 1973 831 2043 suffert,
856 1974 923 2047 quid
946 1974 980 2031 11
996 1975 1053 2032 illis

254 2064 398 2123 doloribus
416 2073 511 2123 actura
524 2071 576 2133 est,
596 2063 697 2138 quibus
711 2065 805 2121 nullus
818 2081 939 2138 unquam
960 2067 1052 2122 evenit

253 2155 329 2226 linis,
344 2156 421 2214 nulla
442 2155 524 2213 datur
538 2154 653 2212 omniuo
670 2156 830 2214 successio?
852 2157 920 2212 Nam
935 2157 981 2215 isti
997 2157 1052 2214 11-

254 2247 327 2304 lores
341 2246 454 2302 illorum
470 2246 598 2302 dolorum
613 2246 761 2318 imaginem
777 2254 898 2319 portant,
918 2257 945 2304 et
959 2264 1052 2321 quau-

254 2343 316 2393 tum
337 2333 423 2392 distat
450 2335 523 2391 inter
547 2336 639 2407 ignem
662 2336 759 2391 vivum
779 2345 806 2393 et
822 2337 957 2408 picturam
980 2338 1049 2412 ejus,

254 2434 363 2484 autum
378 2425 463 2483 distat
485 2424 558 2481 inter
578 2423 686 2482 dolores
700 2442 768 2500 quos
782 2443 856 2485 nunc
870 2428 974 2500 patitur
985 2447 1050 2486 cor-

253 2531 317 2589 pus,
331 2523 359 2573 et
370 2515 435 2572 illos
446 2531 514 2588 quos
528 2514 622 2571 anima
633 2531 746 2588 passura
758 2525 809 2584 est,
824 2517 847 2573 si
863 2516 957 2591 ignara
973 2518 1051 2577 Crea-

253 2604 324 2663 toris
335 2605 380 2662 sui
392 2606 535 2678 prasentia
548 2606 613 2662 vita
628 2605 785 2678 impleverit
799 2622 900 2664 munus
917 2607 1051 2682 (1011111

253 2711 317 2769 ergo
332 2695 477 2754 uobiscum
493 2695 569 2770 prius
591 2696 625 2754 de
642 2696 785 2754 doloribus
806 2699 877 2766 illis,
896 2708 924 2756 et
944 2709 1002 2756 esto
1017 2701 1051 2758 de

253 2786 304 2844 illa
315 2802 396 2860 poeua
408 2787 556 2855 sollicitus,
567 2803 628 2864 quaa
638 2785 721 2844 babet
733 2787 825 2861 ignem
836 2805 942 2862 semper
956 2791 1050 2848 arden·

252 2885 320 2946 111,
330 2884 358 2934 11
372 2892 493 2936 vermem
508 2892 615 2950 semper
629 2877 764 2934 edentem.

287 2969 332 3028 lif.
361 2970 438 3028 Tunc
470 2968 647 3028 Chromatius
675 2969 752 3026 urbis
778 2971 871 3028 Rome
896 2973 1050 3045 praefectus,

253 3073 318 3116 cum
335 3059 421 3116 unico
444 3058 503 3114 frlio
524 3074 573 3114 suo
597 3056 735 3128 Tiburtio,
761 3058 837 3116 dedit
856 3076 956 3118 nomen
970 3079 1051 3120 suum

1107 578 1178 618 1111
1191 567 1312 616 111-1111
1331 557 1412 612 fleus.
1434 553 1462 610 S.
1488 551 1665 609 Sebastianus
1683 546 1851 621 respoudit:
1877 547 1908 604 Si

1107 666 1216 708 servum
1230 656 1309 704 tuum
1322 647 1356 704 11
1371 642 1550 702 hauriendam
1574 655 1672 715 aquam
1693 639 1812 705 miseris,
1837 636 1908 694 dum

1108 741 1142 798 ad
1156 741 1259 796 fontem
1281 736 1398 804 venerit,
1421 733 1520 806 aspicit
1540 732 1617 805 prius
1640 747 1674 786 ne
1697 727 1792 786 sordes
1806 727 1909 800 aliquas

1108 832 1183 887 intus
1197 831 1298 886 lateant
1310 828 1339 884 iu
1354 828 1458 899 lagena,
1474 831 1502 880 et
1515 839 1570 880 nou
1585 830 1626 878 est
1649 835 1730 876 ausus
1754 833 1855 890 aquam
1878 817 1909 873 in

1109 939 1156 978 pas
1171 921 1290 989 mittere,
1306 917 1361 975 nisi
1376 915 1538 971 mrrndatum
1553 929 1569 960 1
1583 909 1711 962 sordibus
1720 907 1840 974 videtin
1858 922 1911 963 1101

1108 1010 1160 1068 ug:
1176 995 1313 1064 quomodo
1333 990 1484 1063 poterimus
1506 991 1613 1050 tradere
1639 991 1744 1048 fontem
1767 992 1910 1061 veritatis,

1107 1081 1161 1138 uisi
1190 1081 1266 1154 prius
1294 1090 1320 1137 te
1345 1081 1380 1136 ab
1407 1081 1536 1138 omuibus
1565 1079 1703 1138 idolorum
1728 1079 1862 1138 sordibus
1882 1090 1911 1138 et

1107 1171 1281 1245 squaloribus
1296 1170 1393 1227 feceris
1406 1171 1554 1228 alienum?
1569 1170 1746 1228 Chromatius
1760 1169 1837 1226 dixit
1852 1189 1860 1226 :
1874 1171 1910 1228 Et

1107 1279 1162 1336 quo
1182 1261 1279 1318 ordine
1303 1261 1410 1318 alienus
1428 1261 1500 1319 effici
1522 1269 1618 1334 potero
1632 1259 1666 1317 ab
1681 1259 1750 1317 his?
1772 1260 1802 1317 S.
1828 1261 1910 1318 Seba-

1107 1354 1214 1410 elianus
1229 1351 1314 1408 dixit:
1334 1353 1374 1408 Da
1388 1351 1468 1408 nobis
1482 1359 1643 1424 potestatem
1663 1358 1694 1408 ut
1712 1351 1807 1407 omnia
1822 1351 1909 1420 idola,

1107 1459 1168 1516 quae
1182 1441 1211 1497 in
1228 1441 1311 1497 domo
1335 1440 1534 1510 invenerimus,
1557 1440 1665 1514 lapidea
1686 1441 1908 1514 confringamus,

1107 1531 1197 1603 liguea
1210 1531 1399 1601 incendamus,
1413 1547 1494 1588 aurea
1508 1540 1536 1588 et
1554 1539 1682 1604 argentea
1693 1531 1738 1588 vel
1757 1547 1829 1587 area
1845 1547 1909 1587 eou-

1107 1627 1213 1696 flemus‚
1229 1636 1255 1684 et
1270 1629 1358 1701 pretia
1372 1644 1466 1685 eorum
1481 1629 1623 1701 egentibus
1638 1627 1807 1686 dividamus.
1823 1627 1909 1686 Chro-

1107 1717 1208 1773 matius
1230 1717 1327 1776 dixit:
1352 1719 1472 1776 Etcum
1496 1719 1555 1776 hec
1582 1718 1714 1788 feceritis,
1742 1719 1810 1774 mibi
1838 1715 1910 1790 quid

1064 1806 1211 1870 Biruetus
1233 1815 1368 1872 accedet?
1394 1815 1422 1871 S.
1452 1815 1628 1872 Sebastianus
1651 1813 1745 1871 dixit:
1771 1811 1907 1870 Omnium

1107 1918 1256 1960 nervorum
1282 1903 1340 1976 (62)
1370 1911 1492 1974 tuorum,
1521 1921 1639 1978 quorum
1667 1903 1821 1960 nodositate
1841 1919 1910 1960 cou-

1106 1992 1259 2066 stringeris,
1276 1995 1368 2050 statim
1393 1994 1570 2068 consequeris
1593 1994 1753 2062 sanitatem
1779 2000 1807 2049 et
1830 1991 1910 2066 quasi

1106 2085 1153 2158 qui
1169 2101 1309 2159 nunquam
1323 2085 1455 2156 dolueris,
1481 2086 1520 2142 ita
1540 2084 1656 2159 pedibus
1670 2087 1726 2143 tuis
1740 2099 1855 2142 currere
1870 2085 1911 2140 iu·

1105 2175 1201 2246 cipies,
1216 2185 1244 2232 et
1255 2192 1401 2248 agnoscere
1420 2175 1495 2250 quod
1516 2175 1645 2233 inimicos
1659 2183 1714 2231 tuas
1729 2173 1830 2230 salutis
1844 2171 1911 2228 deos

1105 2263 1237 2322 dilexeris
1256 2265 1332 2338 (113);
1352 2275 1429 2324 1111
1445 2281 1511 2323 vero
1528 2273 1668 2338 parentem
1682 2261 1759 2320 hunc
1773 2278 1847 2332 esse,
1863 2248 1910 2336 qui

1104 2359 1142 2422 te,
1156 2355 1248 2410 statim
1263 2363 1294 2412 ut
1309 2355 1368 2428 ejus
1383 2355 1511 2413 notitiam
1526 2362 1608 2429 atque
1629 2355 1770 2411 culturam
1793 2353 1910 2412 invene·

1104 2444 1153 2513 ris,
1170 2453 1305 2502 restaurat
1318 2451 1346 2501 et
1361 2447 1458 2503 salvat.

1140 2534 1185 2590 53,
1214 2534 1390 2592 Chromatius
1416 2535 1517 2594 dixit:
1546 2535 1637 2594 Nolite
1664 2535 1855 2610 vosmetipsos
1877 2535 1914 2592 ad

1105 2621 1177 2680 banc
1201 2623 1331 2695 injuriam
1347 2623 1505 2699 deponere:
1535 2625 1582 2683 sed
1605 2625 1691 2684 servis
1718 2627 1789 2684 meis
1816 2627 1915 2700 praeci·

1105 2713 1195 2784 piam:
1210 2721 1237 2769 et
1260 2713 1313 2786 ipsi
1334 2715 1465 2780 universa
1482 2715 1667 2788 confringent.
1684 2715 1713 2772 S.
1728 2713 1916 2773 Sebastianus

1105 2799 1200 2858 dixit:
1226 2802 1311 2859 Dubii
1333 2811 1360 2861 et
1380 2804 1472 2861 timidi
1492 2812 1519 2862 et
1539 2805 1664 2862 infideles
1679 2805 1701 2862 si
1719 2821 1752 2864 ea
1766 2805 1915 2879 confrege-

1105 2891 1298 2956 rint,inveniet
1310 2892 1437 2950 diabolus
1450 2910 1499 2967 per
1509 2911 1701 2968 quamcunque
1710 2895 1916 2968 negligentiam

1105 2997 1201 3038 eorum
1215 2985 1387 3040 occasionem
1402 2985 1520 3041 laedendi
1543 3001 1601 3056 eos,
1623 2993 1652 3042 et
1676 2985 1771 3042 statim
1793 2993 1828 3041 ut
1852 2985 1916 3042 lassi

1105 3071 1222 3144 fuerint,
1237 3073 1330 3131 dicent
1352 3075 1489 3146 infideles,
1512 3088 1655 3151 propterea
1677 3093 1724 3134 eos
1745 3076 1830 3134 laesos
1854 3093 1915 3134 csse

252 3147 348 3208 diceus
364 3167 370 3206 :
400 3147 615 3206 1111111111
637 3167 697 3206 mea
714 3161 803 3209 certos
819 3171 869 3210 vos
883 3170 941 3212 esse
953 3171 1050 3214 conve·
1066 3184 1087 3244 C
1105 3164 1170 3237 quia
1185 3164 1259 3222 idola
1273 3167 1475 3238 confregerunt.
1492 3167 1551 3226 Nisi
1566 3169 1641 3225 enlm
1657 3167 1772 3225 loricam
1788 3167 1912 3236 babens,

252 3237 307 3308 uit,
333 3239 362 3294 in
379 3254 433 3313 qua
452 3238 536 3296 etiam
550 3239 639 3296 filium
664 3257 756 3298 meum
781 3242 970 3301 Christianum
992 3246 1051 3305 fieri
1107 3271 1164 3310 non
1177 3255 1405 3328 eripiturictibus
1419 3258 1590 3330 sagittarum.
1603 3257 1686 3314 Galea
1700 3259 1820 3315 suimet
1831 3269 1916 3316 scuto

253 3343 362 3386 mecum
378 3335 488 3402 exopto.
514 3329 542 3387 S.
558 3329 735 3388 Sebastianus
749 3331 842 3390 dixit:
861 3333 932 3390 Vide
946 3351 981 3390 ne
996 3337 1053 3392 sola

253 3419 461 3491 recuperatione
484 3419 525 3476 tui
545 3420 669 3492 corporis
691 3419 792 3478 ductus
815 3431 841 3478 te
864 3422 1052 3480 Christianum

252 3505 313 3564 fleri
327 3499 429 3579 speres,
445 3507 492 3564 sed
508 3509 594 3580 magis
608 3525 655 3581 spe
670 3510 734 3566 vitan
749 3518 859 3566 aterne
873 3510 957 3570 facias
978 3530 1052 3570 men-

252 3600 308 3651 tem
322 3601 397 3652 tuam
422 3609 519 3666 puram
541 3595 575 3652 ad
590 3595 739 3653 videndam
763 3598 897 3656 rationem
916 3601 1050 3658 veritatis.

251 3683 311 3742 Nisi
327 3685 401 3742 enim
417 3685 562 3757 agnoveris
579 3686 627 3760 qui
641 3685 678 3744 sit
688 3686 801 3744 Creator
814 3695 889 3757 tuus,
908 3705 962 3746 uon
977 3699 1051 3762 pote·

252 3773 292 3832 ris
301 3771 427 3830 iuvenire
437 3773 553 3830 salutem
565 3789 646 3848 quam
657 3775 766 3849 quaeris.
776 3775 954 3833 Chromatius
963 3777 1050 3835 dixit:

251 3862 325 3934 Ergo
340 3868 367 3918 et
381 3861 499 3920 rusticos
513 3870 540 3919 et
555 3863 776 3936 simplicissimos
794 3865 922 3924 homiues
941 3883 997 3923 uon
1012 3867 1051 3923 vi·

251 3950 349 4010 demus
362 3966 421 4008 esse
436 3949 620 4021 Christianos,
636 3953 674 4010 ita
689 3962 721 4010 ut
732 3954 806 4011 inter
820 3956 897 4036 mille
912 3957 988 4013 viros
1002 3955 1050 4012 vix

251 4039 379 4098 invenias
392 4056 479 4098 unum
491 4042 539 4115 qui
550 4043 637 4114 possit
646 4044 690 4100 vel
700 4060 859 4102 sermonum
875 4045 1051 4120 disciplinatu

251 4131 377 4206 adipisci.
392 4131 526 4206 Nunquid
541 4131 570 4189 hi
581 4149 676 4192 omnes
690 4135 724 4191 ad
739 4135 820 4192 islam
840 4135 1050 4210 inquisitionem

251 4226 385 4299 attingere
401 4233 552 4300 potuerunt
566 4225 631 4283 dum
650 4226 748 4284 fierent
771 4227 947 4287 Christiani?
961 4229 989 4286 S.
1005 4231 1050 4287 Se·

252 4317 395 4374 bastiauus
416 4316 475 4374 ait:
497 4317 555 4375 lloc
569 4333 729 4390 responsum
751 4325 830 4375 tuum
850 4328 950 4376 nostrae
966 4321 1050 4394 partis

251 4404 414 4478 11111161)
429 4406 617 4463 assertionem.
628 4406 695 4464 Nam
709 4406 743 4464 ab
754 4407 860 4479 origine
875 4409 971 4466 mundi
986 4425 1048 4466 curn

251 4494 382 4551 ruricolis
398 4500 426 4550 et
438 4494 595 4566 pastoribus
608 4496 704 4553 ovium
713 4499 786 4554 Deus
796 4497 893 4554 habuit
904 4498 1036 4555 rationem

251 4589 279 4638 et
290 4579 372 4654 juxta
385 4579 470 4637 finem
485 4583 580 4639 mundi
597 4583 710 4640 venicus
729 4602 784 4641 nou
800 4586 881 4658 elegit
894 4587 1049 4659 grammati·

251 4688 298 4730 cos
311 4679 339 4728 et
351 4679 483 4739 oratores,
498 4673 546 4730 sed
560 4681 715 4748 peccatores
729 4684 757 4733 et
773 4675 924 4748 simplices,
940 4685 967 4734 et
982 4677 1049 4751 ipsis

252 4760 368 4819 tradidit
383 4760 510 4818 notitiam
526 4779 614 4820 suam.

286 4851 332 4910 12.
353 4850 529 4910 Chromatius
541 4852 636 4910 dixit:
660 4851 717 4937 Cur
738 4870 803 4927 ergo
823 4871 867 4911 me
889 4853 959 4913 dicis
973 4855 1050 4929 prius

1107 3354 1135 3403 et
1149 3347 1226 3404 hasta
1239 3349 1327 3405 utitur
1341 3349 1421 3407 11111
1434 3367 1531 3406 manus
1545 3350 1574 3405 iu
1589 3349 1695 3423 prelio,
1715 3358 1748 3406 ut
1762 3367 1798 3407 ex
1819 3349 1914 3408 muni·

1108 3439 1182 3494 nrine
1197 3455 1335 3496 armorum
1360 3447 1387 3496 et
1407 3440 1512 3512 impetu
1534 3439 1651 3496 feriendi
1676 3449 1801 3496 assumat
1828 3439 1914 3496 auda·

1106 3529 1187 3598 ciam,
1202 3537 1229 3586 et
1245 3539 1320 3604 terga
1334 3545 1388 3587 non
1404 3537 1503 3587 vertat.
1527 3529 1661 3587 Similiter
1676 3537 1703 3584 et
1717 3528 1827 3585 milites
1850 3529 1913 3596 Dei,

1107 3621 1155 3693 qui
1169 3627 1246 3678 scuto
1260 3619 1325 3677 fidei
1340 3620 1515 3689 muniuntur,
1536 3626 1563 3676 et
1583 3619 1668 3676 lorica
1681 3617 1820 3690 tegminis
1835 3617 1914 3676 Chri-

1107 3713 1143 3768 sti
1164 3719 1354 3784 proteguutur,
1383 3711 1515 3767 habentes
1538 3711 1641 3782 galeam
1663 3706 1727 3764 fidei
1747 3715 1777 3765 et
1799 3709 1912 3774 salutis,

1106 3799 1173 3874 ipsis
1187 3810 1228 3858 est
1241 3807 1332 3856 tutum
1347 3799 1419 3856 inire
1433 3807 1581 3856 certamen.
1602 3799 1728 3870 Pugnant
1742 3799 1824 3854 enirn
1841 3815 1912 3856 acer·

1106 3890 1176 3946 rime
1198 3897 1226 3946 et
1249 3889 1358 3946 fortiter
1374 3889 1501 3959 vincunt,
1526 3887 1591 3961 quia
1614 3896 1710 3944 contra
1733 3887 1912 3946 invisibilem
2018 3925 2019 3933 ι

1106 3981 1212 4038 hostem
1228 3980 1272 4038 die
1287 3988 1424 4053 noctuque
1444 3978 1653 4051 infatigabiliter
1674 3978 1866 4050 praeliantem
1888 3985 1913 4035 et

1105 4077 1170 4127 sunt
1184 4069 1249 4128 tecti
1265 4069 1293 4126 in
1309 4071 1439 4127 omuibus
1462 4067 1603 4137 membris,
1619 4066 1673 4124 111
1687 4066 1784 4140 potius
1810 4067 1913 4126 armati

1105 4176 1187 4234 quam
1201 4160 1283 4217 ferro.
1299 4159 1476 4218 Chromatius
1490 4158 1580 4216 dixit:
1598 4157 1658 4215 Fiat
1670 4159 1806 4214 voluntas
1822 4159 1913 4216 Deist

1105 4258 1204 4308 vestra.
1220 4251 1296 4308 Tunc
1311 4251 1338 4308 S.
1353 4251 1520 4324 Polycarpus
1533 4249 1676 4324 presbyter
1687 4257 1714 4305 et
1724 4248 1759 4304 B.
1770 4249 1914 4306 Sabatia-

1104 4359 1157 4398 nus
1178 4342 1374 4416 praecingentes
1387 4357 1415 4398 se
1429 4349 1591 4410 oraveraut;
1614 4347 1642 4396 11
1662 4348 1724 4412 post
1750 4342 1912 4400 orationem

1104 4433 1222 4508 amplius
1230 4449 1310 4508 quam
1321 4431 1583 4491 ducentaidolorum
1594 4431 1672 4506 signa
1683 4432 1910 4508 confringentes,

1040 4543 1048 4568 ν
1063 4551 1088 4610 D
1105 4531 1247 4596 cmperunt
1260 4523 1359 4597 gratias
1372 4539 1450 4595 agere
1464 4524 1521 4579 Deo
1534 4539 1595 4578 suo.

1526 4651 1552 4706 11
1568 4647 1602 4706 Yf.

1103 4743 1287 4802 instructoriis
1299 4651 1614 4815 manumission
1626 4739 1775 4813 confractis
1793 4749 1911 4802 sanein

1414 4832 1592 4890 Chromatius.

250 4939 351 5001 debere
365 4957 512 5016 agnoscere
531 4942 594 5018 quis
615 4943 651 5001 sit
666 4952 774 5001 creator
788 4963 875 5015 mens,
899 4963 980 5020 quem
995 4947 1050 5004 uisi
1138 4945 1182 5002 11.
1198 4945 1262 5000 Post
1276 4943 1516 5001 haeeaccesseruut
1530 4943 1564 4999 ad
1577 4941 1772 5000 Chromatium
1781 4943 1910 5002 dicentes

253 5033 414 5108 agnoverim
437 5033 552 5090 salutem
573 5033 698 5091 invenire
720 5050 776 5092 uon
797 5035 926 5107 possim?
953 5033 981 5092 S.
998 5035 1050 5091 Se·
1103 5037 1146 5094 ei:
1169 5035 1413 5110 Confringentibus
1428 5035 1509 5092 nobis
1523 5035 1596 5092 idola
1609 5043 1641 5091 tu
1655 5033 1779 5093 debuisti
1808 5038 1908 5095 sanita·

250 5125 392 5188 bestiarius
413 5127 510 5186 dixit:
533 5127 605 5197 Quia
625 5129 727 5185 multos
742 5127 806 5184 deos
820 5135 848 5184 et
871 5129 972 5185 multas
986 5129 1050 5186 deas
1103 5136 1159 5184 tem
1174 5127 1304 5200 recipere,
1319 5127 1373 5182 nisi
1389 5127 1459 5183 forto
1477 5125 1569 5198 aliqua
1584 5125 1635 5181 tibi
1659 5125 1689 5182 in
1707 5127 1808 5183 animo
1834 5131 1910 5201 signs

250 5218 373 5276 coluisti.
397 5218 456 5276 Nisi
478 5233 543 5292 ergo
566 5218 648 5276 hosa
668 5218 818 5276 cordetuo
838 5218 999 5286 excluseris,
1023 5226 1051 5275 et
1105 5217 1276 5274 infidelitatis
1303 5216 1545 5290 derelinquuntur.
1575 5215 1632 5271 lloc
1657 5215 1736 5272 enim
1756 5218 1836 5288 apud
1861 5234 1908 5273 nos

251 5304 386 5382 imagines
405 5319 500 5366 sonum
524 5308 702 5382 confregeris,
729 5315 757 5366 et
778 5309 939 5381 cognoveris
963 5325 1049 5366 unum
1103 5315 1209 5364 certum
1221 5307 1350 5380 gerimus,
1366 5306 1439 5381 quod
1463 5312 1510 5363 aut
1530 5311 1571 5362 est
1593 5303 1711 5378 aliquid,
1736 5306 1817 5379 quod
1843 5323 1908 5363 neu·

250 5405 278 5456 et
291 5405 388 5456 verum
402 5399 501 5468 Deum,
517 5395 604 5456 vitam
618 5403 646 5456 et
658 5397 773 5454 salutem
788 5396 913 5456 iuvenire
928 5415 983 5455 non
995 5415 1050 5473 po·
1104 5396 1170 5456 dum
1185 5406 1225 5455 est
1238 5398 1371 5466 fractum;
1388 5405 1435 5454 aut
1449 5394 1473 5453 si
1488 5396 1582 5455 omnia
1595 5395 1685 5454 fracta
1697 5406 1776 5467 sunt,
1791 5396 1866 5470 quid
1881 5397 1907 5454 in

302 5632 336 5690 10
368 5633 427 5701 Al,
445 5632 582 5692 Creatoris
597 5635 640 5692 soi
654 5633 782 5710 :praemit
799 5649 905 5724 111111.
1153 5634 1187 5690 61
1215 5633 1272 5702 nl,
1287 5633 1406 5690 11111111
1422 5632 1542 5690 doceb.

300 5701 332 5759 er
365 5703 570 5776 1.,11111.

287 5561 334 5774 ps
367 5561 427 5629 er,
441 5560 568 5618 Animam
582 5535 775 5634 1111111
791 5561 906 5618 camo.
1140 5561 1187 5706 psa
1218 5561 1474 5630 1111111111.
