4122 6192
231 295 281 356 117
732 297 781 353 ΑΙ)
800 294 918 352 OPERA
936 293 964 350 S.
986 289 1153 350 sttruosn
1171 291 1362 350 APPENDIX.
1827 287 1879 347 lte

229 429 285 487 Nee
297 427 371 486 enim
388 429 507 502 Spiritus
519 428 611 486 eritin
625 443 717 494 cansa,
727 426 775 500 qui
785 426 845 482 vult
862 423 1024 497 justificare.
1039 427 1065 486 Α
1078 424 1266 481 moriemini·
1287 423 1363 481 Nihil
1380 422 1491 492 verius,
1506 421 1607 496 quiesi
1622 420 1774 480 mcuudum
1789 421 1876 480 Adam

229 517 449 590 Signum.enim
474 516 682 590 justificationis
708 516 761 573 boc
781 501 822 570 est
845 513 874 570 in
899 514 1021 582 homine,
1080 514 1244 584 vixerimus,
1272 513 1442 581 moriemur;
1472 511 1561 569 Adam
1591 511 1666 568 euim
1695 512 1879 585 praevaricans

229 613 261 663 ut
274 622 322 680 per
340 605 369 662 id
383 606 457 681 quod
472 606 703 674 inhabitatineo,
716 604 884 676 justificatus
899 610 1026 677 appareat
1080 603 1206 658 vendidit
1228 621 1256 659 se
1281 611 1392 676 peccato
1413 601 1490 660 carni
1513 601 1669 674 deputatus.
1699 599 1787 658 Omne
1803 601 1878 658 enim

229 711 287 752 esse
302 694 390 752 Filius
403 695 471 762 llei;
488 711 544 751 non
566 695 638 751 enim
653 694 682 750 in
697 693 762 750 ficto
785 691 908 761 homine,
938 707 1026 764 nequa
1081 699 1234 762 peecatum,
1250 707 1313 747 caro
1329 697 1388 758 est3
1403 698 1515 763 propter
1530 689 1604 763 quod
1622 688 1697 746 enim
1710 689 1813 746 deforis
1829 691 1881 746 vi-

230 785 259 841 iu
276 800 390 857 corpore
404 784 516 842 subdito
532 782 651 856 peccatis
667 788 756 854 potest
769 780 893 837 babitare
907 780 1025 852 Spiritus
1081 779 1120 835 tia
1138 788 1165 836 et
1188 780 1289 838 delicta
1316 790 1468 839 nascuntur
1502 797 1536 836 ex
1559 779 1697 849 sensibus,
1719 780 1748 837 id
1775 789 1825 849 est,
1845 779 1880 836 de

229 881 349 943 sanctus,
368 875 440 930 siout
465 872 533 929 dicit
560 871 689 928 Salomon
716 872 794 944 (Sap.
811 887 832 939 r,
846 870 895 943 l):
920 869 1025 943 Siquis
1080 869 1187 939 auditu,
1213 870 1286 938 visu,
1312 877 1398 939 tactu,
1425 869 1551 939 odoratu,
1567 869 1610 925 vel
1625 877 1717 942 gustu,
1734 869 1811 927 cerni
1826 869 1881 926 de-

228 969 319 1019 antsm
338 961 429 1018 denuo
451 959 598 1018 carnaliter
626 959 712 1028 vivat,
727 959 850 1016 desertus
863 960 897 1016 ab
921 959 1026 1032 Spiritu
1079 963 1222 1031 putantur.
1243 959 1340 1015 Omnis
1367 959 1441 1016 euim
1462 959 1592 1031 cogitatio
1616 959 1690 1015 loras
1718 959 1877 1033 respiciens,

229 1058 333 1117 sancto,
349 1048 377 1103 in
407 1048 546 1120 injustitia
560 1063 609 1104 sue
630 1049 774 1104 morietur.
805 1049 908 1121 Corpus
933 1057 1023 1106 aulem
1079 1047 1198 1104 incurrit
1219 1048 1370 1118 delictum;
1390 1065 1454 1105 nam
1479 1057 1505 1105 et
1528 1048 1611 1122 primi
1636 1048 1758 1106 hominis
1774 1049 1880 1108 deioris

228 1136 333 1206 dicens,
356 1144 445 1194 totum
458 1137 598 1194 bominem
610 1136 747 1210 significat
764 1145 903 1194 mortuum
919 1141 1024 1211 peccati
1079 1145 1220 1208 peccatum
1235 1145 1391 1195 uatumest.
1407 1136 1563 1195 Secundum
1574 1153 1683 1194 caruem
1696 1154 1759 1211 ergo
1770 1139 1876 1208 vivere,

227 1241 318 1293 causa,
335 1227 407 1284 sicut
421 1233 448 1282 et
467 1243 483 1282 a
497 1227 631 1298 propheta
645 1227 697 1284 sub
713 1226 847 1284 vocabulo
862 1228 962 1286 anima
975 1236 1025 1286 to·
1079 1243 1154 1283 mors
1168 1234 1209 1282 est
1224 1245 1230 1294 ;
1244 1226 1335 1282 omnis
1350 1226 1424 1282 enim
1435 1233 1512 1282 actus
1526 1225 1616 1282 carnis
1630 1233 1709 1282 extra
1723 1227 1811 1299 legem
1826 1235 1878 1285 ast.

227 1322 273 1371 tus
293 1313 377 1371 homo
405 1315 586 1388 significatur,
615 1316 724 1389 quasia
751 1317 833 1389 parte
855 1324 959 1386 totum;
987 1317 1026 1375 ait
1122 1314 1173 1370 ‹Si
1199 1322 1289 1372 autem
1314 1315 1415 1386 spiritu
1435 1315 1507 1388 iacta
1520 1313 1611 1372 carnis
1633 1315 1879 1385 mortificaveritis,

228 1403 321 1460 enim:
351 1404 453 1460 Anima
466 1421 527 1478 quaa
553 1413 657 1480 pacem,
687 1406 745 1478 ipsa
764 1406 898 1463 morietur
915 1407 1022 1479 (Erech.
1079 1403 1211 1461 vivetis·
1241 1405 1347 1478 Corpus
1363 1405 1424 1461 vult
1439 1404 1496 1476 lege
1512 1404 1612 1459 auimo
1623 1403 1788 1477 gubernari:
1805 1399 1880 1461 unde

228 1507 311 1560 xvur,
326 1490 388 1564 1)·
422 1492 563 1567 Numquid
574 1495 634 1550 siue
646 1494 783 1568 corporei
797 1494 849 1552 llic
862 1511 961 1568 corpus
975 1512 1025 1568 pro
1080 1492 1201 1550 ostendit
1214 1495 1279 1568 quia
1306 1493 1329 1550 si
1345 1494 1414 1550 duce
1428 1501 1522 1550 sancto
1537 1493 1653 1566 Spiritu,
1667 1499 1744 1550 actus
1762 1502 1790 1551 et
1807 1509 1881 1550 cou-

227 1586 287 1636 toto
303 1581 416 1639 homine
430 1583 531 1656 posuit,
547 1583 594 1640 ille
606 1582 736 1640 animam.
752 1585 788 1640 Et
799 1584 870 1641 alius
892 1585 1026 1658 propheta
1079 1582 1142 1638 sitia
1168 1584 1270 1653 caruis,
1303 1599 1363 1657 quae
1383 1581 1580 1655 hujusmundi
1601 1581 1799 1656 instigantibus
1822 1599 1879 1656 po-

228 1660 337 1728 carnem
366 1671 483 1730 dicendo
497 1679 587 1730 totum
612 1673 753 1730 bominem
775 1673 961 1746 significavit;
986 1673 1025 1730 ait
1078 1676 1224 1733 testatibus
1236 1675 1449 1745 concinnantur,
1460 1674 1568 1731 luerint
1582 1689 1716 1746 repressa,
1726 1690 1761 1730 ne
1779 1674 1879 1748 agendi

228 1759 322 1818 enim:
358 1760 496 1818 «Videbit
524 1760 615 1817 omnis
641 1775 704 1818 caro
730 1762 850 1819 salutare
875 1763 925 1819 Dei
955 1765 1023 1835 (lta.
1040 1776 1064 1837 Β
1079 1764 1217 1836 accipiant
1239 1768 1413 1836 potestatem,
1444 1760 1531 1816 vitam
1554 1760 1688 1833 praestari.
1714 1759 1878 1818 Mortificari

228 1865 276 1919 xa,
289 1849 330 1921 5).
346 1873 356 1898 ν
377 1851 414 1906 Et
429 1849 558 1922 quoniam
586 1851 724 1924 baptizato
738 1851 819 1908 datur
832 1853 952 1925 Spiritus
965 1871 1025 1910 san·
1079 1855 1153 1910 enim
1168 1853 1311 1921 dicuntur,
1328 1851 1351 1907 si
1375 1858 1499 1907 cessent:
1515 1865 1572 1906 non
1592 1858 1656 1906 sunt
1678 1849 1765 1918 enim,
1778 1849 1802 1906 si
1818 1865 1880 1907 rea·

228 1947 299 2009 ctus,
320 1939 401 1995 etiam
418 1939 505 2012 ipsius
519 1957 577 1998 esse
588 1941 702 2013 spiritus
717 1941 830 1998 dicitur.
855 1941 961 2000 idcirco
976 1960 1024 2000 οεο-
1079 1950 1150 2012 sant,
1165 1944 1232 2018 quia
1245 1950 1388 2016 peccatum
1404 1956 1459 1996 non
1474 1948 1525 2010 est,
1540 1939 1564 1997 si
1578 1956 1635 1996 non
1658 1939 1717 1997 liat.

229 2038 286 2086 tera
299 2027 422 2085 hominis
436 2028 470 2086 ad
483 2029 720 2102 comparationem
740 2029 798 2102 ejus
813 2047 911 2104 corpus
926 2033 1025 2105 appel·
1117 2033 1207 2105 (Vera.
1225 2031 1282 2105 lt.)
1301 2056 1310 2078 .
1332 2030 1495 2103 Quicunque
1517 2029 1591 2086 enim
1606 2028 1712 2100 Spiritu
1726 2029 1777 2085 Dei
1796 2045 1880 2103 agun-

228 2116 308 2186 lavit,
323 2125 464 2190 propterea
478 2118 552 2191 quod
568 2119 661 2175 anima
676 2118 748 2193 (11),
761 2119 827 2176 dum
842 2129 946 2194 peccat,
962 2137 1025 2178 caro
1079 2131 1135 2192 tur,
1151 2122 1181 2178 hi
1196 2121 1248 2177 lilii
1274 2119 1434 2176 sunillei·
1470 2119 1526 2175 llos
1540 2118 1609 2175 dicit
1624 2117 1730 2191 Spiritu
1756 2117 1806 2174 Dei
1822 2119 1878 2191 agi,

228 2205 353 2274 dicatur;
381 2206 434 2263 hoo
456 2208 530 2264 enim
545 2217 672 2279 vocatur,
699 2210 773 2283 quod
794 2211 928 2284 sequitur,
953 2210 1025 2268 sicut
1079 2211 1109 2268 in
1135 2227 1254 2285 quorum
1269 2209 1376 2266 actibus
1407 2207 1524 2265 consilia
1544 2206 1701 2281 principum
1716 2214 1744 2263 et
1758 2213 1877 2279 potesta·

227 2309 298 2368 sarpa
311 2293 368 2367 jam
384 2294 454 2351 dixi.
479 2296 570 2354 Simili
590 2297 673 2354 modo
697 2306 725 2355 et
752 2299 887 2355 Dominus
907 2316 971 2356 cum
995 2300 1025 2355 in
1078 2307 1138 2357 tum
1152 2299 1236 2371 hujus
1256 2297 1353 2355 muudi
1367 2313 1423 2353 non
1442 2296 1590 2354 videntur:
1615 2297 1777 2369 inquorum
1800 2295 1878 2352 euim

227 2383 355 2456 passione
377 2401 427 2441 sua
449 2384 623 2443 divinitatem
634 2403 711 2444 suam
740 2387 854 2444 minime
876 2388 1025 2445 formidare
1078 2389 1219 2456 videntur,
1243 2404 1299 2444 nou
1314 2396 1380 2444 sunt
1394 2386 1446 2444 lilii
1464 2385 1524 2456 Dei,
1539 2384 1587 2442 sed
1602 2383 1731 2451 diaboli;
1753 2384 1817 2458 quia
1830 2382 1879 2457 qui

228 2473 311 2529 vellet
332 2471 462 2547 intelligi,
486 2474 534 2532 sed
555 2475 677 2533 hominis
692 2493 752 2534 esse
773 2479 944 2547 moestitiam,
968 2479 1021 2534 ait:
1078 2479 1113 2537 de
1129 2482 1186 2536 lieo
1206 2487 1288 2535 natus
1310 2483 1360 2546 est,
1388 2493 1443 2532 non
1461 2483 1565 2548 peccat,
1588 2473 1657 2530 dicit
1678 2473 1796 2530 loannes
1814 2489 1879 2547 apo·

235 2561 374 2636 «Spiritus
388 2563 499 2637 quidem
515 2572 658 2639 promptus
680 2575 732 2635 est,
747 2582 811 2623 caro
826 2583 891 2623 vero
915 2567 1025 2624 infirma
1079 2568 1165 2624 stolus
1193 2568 1221 2639 (1
1233 2569 1312 2624 loon.
1327 2583 1370 2634 nr,
1384 2565 1425 2636 9).
1455 2566 1514 2621 Ηοο
1536 2571 1577 2620 est
1591 2563 1665 2618 enim
1683 2561 1756 2635 quod
1780 2560 1879 2634 probat

229 2651 336 2722 (Motu.
364 2667 434 2707 xxrr
449 2651 506 2724 ,11)
520 2671 548 2708 :·
578 2661 610 2710 ut
628 2653 656 2710 in
671 2655 772 2728 spiritu
785 2656 883 2724 Deum,
900 2655 929 2712 in
943 2671 1024 2713 carne
1078 2657 1128 2714 liei
1143 2657 1217 2713 lilios
1230 2664 1257 2712 et
1271 2655 1386 2712 diaboli.
1403 2652 1480 2710 Unde
1494 2651 1670 2710 Domiuusad
1684 2643 1793 2707 ludaeos
1802 2651 1878 2725 quod

230 2755 296 2794 vero
311 2739 453 2796 bominem
467 2741 644 2814 significaret.
1078 2746 1150 2802 male
1165 2752 1285 2818 agerent,
1301 2752 1329 2800 et
1340 2742 1520 2816 parricidium
1544 2739 1707 2814 cogitarent,
1721 2739 1776 2796 ait:
1796 2739 1878 2796 «Vos

269 2832 316 2890 7³
332 2827 424 2901 (Vera.
442 2830 498 2904 11.)
526 2831 627 2898 ·Qnod
641 2833 665 2891 si
679 2833 799 2908 Spiritus
820 2834 881 2907 ejus
896 2835 944 2910 qui
958 2852 1025 2891 sus·
1078 2836 1197 2909 depatre
1212 2835 1322 2893 diabolo
1335 2833 1402 2890 estis
1420 2834 1512 2907 (loeo.
1525 2849 1589 2900 vni,
1607 2829 1665 2903 lsi).
1681 2854 1691 2878 »

227 2923 595 2990 citavitlesumamortuis,
610 2923 863 2993 habitatinvobis;
879 2927 1023 2999 quisusoi·
1114 2926 1205 2999 (Vere.
1222 2925 1279 2998 t'o'.)
1312 2925 1391 2980 «Non
1406 2922 1481 2979 enim
1504 2920 1649 2993 accepistis
1672 2919 1801 2993 spiritum
1822 2936 1877 2976 aar·

229 3014 299 3072 urit
324 3014 416 3071 lesum
431 3010 586 3080 amortuis,
601 3011 757 3068 vivificabit
772 3021 799 3069 et
816 3016 944 3072 mortalia
958 3033 1024 3074 cor·
1078 3015 1175 3072 vitatis
1189 3015 1290 3070 iterum
1305 3013 1333 3069 in
1362 3013 1471 3068 timore.
1484 3035 1492 3058 ι
1516 3010 1574 3067 Ηοο
1587 3008 1667 3078 dicit,
1687 3007 1751 3082 quia
1764 3015 1877 3080 accepto

231 3109 401 3176 poravestra
424 3107 534 3172 propter
548 3098 749 3156 inhabitantem
765 3101 900 3174 Spiritum
921 3103 980 3176 eius
994 3105 1023 3161 in
1040 3133 1062 3193 G
1077 3104 1183 3178 Spiritu
1208 3110 1313 3170 sancto,
1339 3119 1355 3158 a
1377 3101 1477 3158 timore
1499 3099 1635 3155 malorum
1658 3106 1768 3154 actuum
1793 3095 1875 3153 exuti

228 3191 317 3249 vobis.
334 3215 343 3238 ·
364 3191 456 3263 Ipsum
471 3205 581 3246 sensum
604 3189 697 3247 eadem
712 3197 812 3248 tractat
826 3193 933 3249 ratione
945 3211 951 3261 ;
963 3211 1023 3249 ror·
1079 3207 1191 3248 sumus:
1209 3198 1240 3248 ut
1268 3189 1302 3246 de
1317 3198 1415 3246 cataro
1429 3188 1501 3246 nihil
1516 3188 1571 3245 tale
1595 3201 1716 3259 agamus,
1739 3184 1812 3244 uude
1825 3185 1876 3242 ite·

227 3297 297 3354 poro
316 3278 390 3336 enim
402 3278 484 3348 dixit,
496 3295 545 3352 per
554 3295 614 3352 quae
628 3279 1026 3354 hominessigniiicat.thuia
1079 3298 1140 3338 rum
1158 3283 1314 3337 timeamus.
1331 3279 1403 3335 Ante
1412 3279 1487 3334 enim
1501 3277 1553 3334 sub
1566 3276 1666 3332 timore
1680 3291 1788 3331 eramus
1804 3275 1875 3347 (ld),

228 3387 310 3446 supra
339 3370 413 3427 dixit
441 3378 553 3443 propter
580 3378 722 3444 peccatum
736 3387 835 3444 eorpus
850 3372 920 3428 mori
937 3381 1026 3429 morte
1080 3369 1145 3444 quia
1163 3371 1221 3442 lege
1237 3371 1310 3438 data,
1324 3385 1420 3425 omnes
1434 3368 1475 3424 rei
1489 3374 1554 3423 sunt
1567 3365 1720 3423 constituti.
1742 3364 1876 3438 Spiritum

123 3511 131 3536 ,
228 3458 359 3528 secunda,
374 3460 421 3516 hio
435 3459 536 3516 iterum
558 3467 669 3532 propter
683 3459 783 3516 bonam
798 3459 885 3517 vitam
899 3462 1027 3518 mortalia
1080 3477 1144 3534 ergo
1170 3460 1280 3517 timoris
1313 3459 1399 3531 legem
1424 3457 1508 3526 dixit,
1533 3455 1599 3529 quia
1622 3455 1749 3512 homines
1770 3453 1876 3528 peccati

168 5446 176 5460 ι
226 5411 305 5470 llaud
323 5411 500 5472 incommode
510 5431 519 5482 ;
544 5412 643 5470 melius
666 5421 758 5469 tamen
781 5413 830 5470 alii
853 5431 919 5472 mss.
942 5422 974 5472 ut
993 5414 1023 5471 in
1077 5415 1107 5471 in
1123 5433 1201 5482 mss,
1214 5424 1242 5472 at
1255 5425 1352 5473 contra
1367 5415 1397 5472 in
1412 5415 1543 5474 omnibus
1555 5414 1623 5472 edit.

228 3564 344 3622 eorpora
357 3547 495 3605 vivificari
508 3548 644 3620 promisit,
658 3547 748 3618 idest,
762 3556 852 3605 totum
873 3549 1024 3608 bominem.
1079 3549 1205 3608 causalo
1225 3549 1324 3606 timore
1345 3549 1501 3606 constituit.
1526 3547 1584 3604 Lex
1606 3554 1699 3602 autem
1723 3545 1799 3614 lldei,
1814 3563 1875 3620 quar

265 3636 357 3708 (Vera.
383 3637 441 3709 tt.)
479 3636 599 3707 «igitur,
629 3637 737 3705 iratres,
765 3637 903 3697 debitores
932 3656 1026 3697 sumus
1079 3638 1109 3694 iu
1129 3639 1229 3711 spiritu
1259 3637 1419 3710 adoptionis
1441 3635 1623 3709 significatur,
1652 3635 1699 3691 lex
1720 3634 1878 3692 securitatis

228 3741 284 3781 non
303 3725 390 3794 carni,
411 3732 445 3780 ut
461 3724 613 3782 secundum
639 3742 750 3784 caruem
765 3727 930 3787 vivamus.»
968 3730 1026 3786 lle-
1079 3734 1130 3796 est,
1146 3727 1210 3799 quia
1224 3743 1240 3783 a
1253 3726 1352 3782 timore
1370 3725 1504 3782 uosernit
1519 3725 1586 3782 dum
1613 3723 1698 3780 donat
1711 3731 1831 3795 peccata,
1845 3739 1878 3780 ac

227 3819 303 3870 ctum
314 3820 341 3869 et
349 3812 526 3870 manifestum
540 3822 591 3884 est,
608 3831 664 3872 uon
679 3831 728 3872 nos
738 3815 931 3874 adinventioni
947 3817 1024 3888 Adae,
1071 3834 1127 3891 per
1140 3817 1192 3873 hos
1216 3831 1326 3874 securos
1353 3816 1501 3873 uoslecit:
1518 3831 1550 3872 ac
1563 3814 1668 3871 dicitur
1681 3812 1797 3887 spiritus
1819 3827 1877 3868 nou

150 3955 153 3958 .
228 3904 275 3980 qui
300 3905 448 3963 carnaliter
461 3905 526 3980 egit,
556 3906 743 3966 obsecundare
755 3910 864 3979 debere,
886 3913 934 3986 qui
949 3913 1026 3985 prior
1079 3907 1187 3965 umoris
1203 3905 1356 3964 secundum
1371 3907 1447 3963 huno
1461 3904 1575 3963 modum
1591 3905 1663 3976 (17).

227 4011 342 4069 peccans
370 4005 486 4054 mortem
508 3996 589 4054 nobis
617 3997 787 4057 haereditatis
809 4001 892 4058 titulo
920 4002 1025 4059 dereli-
1121 4003 1193 4060 «Sed
1221 4003 1364 4076 accepistis
1378 4002 1512 4076 Spiritum
1527 4003 1684 4076 adoptionis
1697 4001 1831 4068 filiorum,
1845 3997 1876 4056 in

227 4085 304 4158 quit:
319 4085 367 4144 sed
386 4086 439 4160 legi
458 4084 562 4144 Christi
583 4087 687 4144 servire
709 4105 760 4146 uos
779 4089 889 4160 debore,
904 4091 952 4164 qui
976 4107 1025 4148 nos
1079 4110 1133 4168 qno
1163 4096 1334 4152 clamamus:
1354 4092 1444 4160 Abba,
1458 4103 1566 4167 pater.»
1586 4093 1681 4151 Gratia
1693 4091 1765 4148 lleia
1777 4090 1878 4148 timore

227 4175 344 4245 spiritali
362 4175 470 4234 ratione
489 4193 505 4234 a
528 4187 617 4236 morte
631 4176 791 4251 supradicta
805 4179 942 4248 redemit;
959 4179 1025 4237 huic
1079 4181 1199 4250 liberati,
1228 4183 1385 4256 accepimus
1411 4181 1542 4255 spiritum
1574 4179 1731 4254 adoptionis
1742 4178 1876 4244 liliorum,

227 4265 301 4320 enim
323 4264 463 4324 debitores
487 4285 593 4339 sumus,
619 4267 667 4344 qni
691 4285 741 4326 nos
766 4269 923 4328 carnalibus
947 4271 1025 4328 vitiis
1079 4280 1110 4330 ut
1137 4271 1342 4330 considerantes
1367 4271 1435 4346 quid
1451 4287 1575 4339 eramus,
1604 4269 1714 4344 etquid
1739 4265 1877 4326 donellei

226 4353 382 4412 sordidatos
392 4371 440 4428 per
448 4357 587 4415 lavacrum
599 4360 718 4433 Spiritus
727 4360 837 4418 ablutos
848 4361 1023 4434 justificavit,
1077 4377 1173 4418 sumus
1204 4361 1305 4434 adepti,
1335 4377 1519 4434 magnacum
1549 4358 1692 4431 diligentia
1712 4358 1798 4414 vitam
1821 4372 1878 4414 uo-

226 4451 254 4500 et
267 4443 341 4500 lilios
354 4444 405 4500 liei
417 4443 491 4503 iecit.
506 4447 586 4504 Prius
600 4450 674 4504 enim
689 4450 718 4505 in
732 4466 814 4506 carne
824 4449 916 4522 positi,
932 4465 1024 4506 exem·
1038 4487 1062 4547 D
1077 4458 1162 4507 stram
1189 4450 1368 4518 ordinemus;
1387 4467 1421 4507 ne
1447 4464 1549 4506 nomen
1569 4448 1619 4504 Dei
1634 4446 1723 4503 Patris
1736 4445 1767 4502 in
1795 4444 1877 4503 nobis

227 4531 274 4606 plo
295 4531 362 4588 Adae
383 4531 547 4590 vivebamus
570 4534 688 4608 subjecti
712 4537 847 4609 peccatis:
865 4555 940 4596 nune
956 4556 1022 4597 vero
1076 4540 1207 4613 iujuriam
1231 4541 1361 4613 patiatur,
1377 4548 1405 4598 et
1418 4556 1449 4596 ea
1470 4537 1564 4595 omnia
1583 4553 1644 4612 que
1661 4536 1809 4604 evasimus,
1830 4549 1877 4590 ve·

227 4619 350 4688 liberati,
365 4619 479 4680 reddere
491 4621 625 4680 debemus
648 4623 810 4698 obsequium
833 4626 1020 4701 lledemptori.
1076 4629 1128 4687 luti
1143 4630 1244 4704 ingrati
1268 4631 1451 4688 incurramus.
1476 4629 1570 4685 Talem
1592 4628 1667 4683 enim
1682 4626 1795 4699 gratiam
1812 4639 1876 4682 con·

227 4709 430 4784 Quodquidem
438 4711 601 4786 obsequium
612 4728 668 4768 non
676 4711 718 4768 illi
733 4713 828 4788 utique
841 4715 960 4788 prolicit,
974 4719 1021 4791 qui
1074 4721 1161 4778 seond
1184 4737 1290 4788 sumus,
1317 4729 1348 4777 ut
1362 4718 1511 4777 audeamus
1524 4717 1616 4774 dicere
1637 4719 1713 4774 Deo:
1738 4715 1824 4784 Atta,
1847 4715 1878 4774 id

227 4797 332 4855 nullius
354 4805 433 4873 eget:
458 4799 505 4856 sed
526 4800 606 4858 nobis
623 4801 710 4858 vitam
732 4803 850 4877 acquirit
870 4812 1019 4863 eternam:
1076 4815 1127 4879 est,
1157 4811 1250 4882 paterl
1283 4808 1399 4881 ideoque
1412 4815 1581 4873 commonet,
1596 4821 1631 4863 ue
1650 4815 1761 4878 accepta
1774 4803 1879 4863 fiducia

226 4887 267 4945 sic
278 4887 353 4944 enim
383 4886 475 4961 diligit
486 4905 548 4959 uos,
564 4897 596 4946 ut
614 4889 668 4946 sibi
681 4890 810 4964 imputet,
825 4893 899 4966 qnod
912 4893 1023 4967 proiicit
1076 4898 1105 4954 in
1132 4899 1315 4956 temeritatem
1334 4905 1477 4966 vertatur3
1505 4895 1528 4954 si
1550 4895 1623 4953 euim
1648 4895 1715 4954 huic
1727 4894 1801 4962 voci,
1823 4909 1879 4968 qus

226 4977 307 5034 nobis
321 4977 391 5051 (15).
612 5007 615 5014 ·
1076 4988 1212 5046 dicimus:
1243 4989 1329 5058 Albo,
1343 4995 1432 5060 paor,
1447 4989 1613 5046 dissimilem
1638 4989 1723 5046 vitam
1739 4985 1878 5045 exhibea-

262 5067 354 5139 (Vera.
366 5067 424 5140 13.)
444 5067 492 5124 «Si
506 5066 582 5124 euim
595 5067 748 5127 secundum
756 5085 866 5128 carnem
882 5069 1022 5144 vixeritis,
1076 5077 1366 5151 mus,injuriam1)so
1384 5077 1512 5148 iacimus,
1532 5085 1662 5138 vocantes
1679 5083 1877 5150 compatrem.

262 5259 320 5334 (11)
341 5259 403 5317 Vct.
429 5259 497 5317 edit.
513 5267 541 5316 et
554 5277 621 5318 mss.
643 5261 756 5335 aliquod
770 5251 924 5333 appellauit.
940 5263 1024 5320 Pre-
1074 5273 1199 5346 promisit
1211 5272 1295 5330 notu.

226 5339 296 5390 terea
309 5332 380 5404 qaod
401 5331 512 5390 auimo:
536 5333 615 5389 Rom.
631 5333 698 5390 edit.
714 5332 887 5390 oblitteravit
900 5342 930 5396 rt
941 5336 1021 5408 quod·
1114 5344 1171 5418 (16)
1187 5345 1256 5400 Ante
1273 5343 1343 5400 enirn
1358 5343 1404 5399 sul
1422 5344 1515 5400 liotore
1528 5359 1714 5470 mamasbnon
1739 5341 1878 5416 reperitur

224 5484 368 5542 conwx'tu.
1113 5487 1172 5560 (17)
1188 5487 1251 5544 Vet.
1265 5486 1332 5545 edit.
1347 5503 1378 5544 ac
1390 5504 1455 5548 nias.
1472 5501 1529 5544 non
1544 5485 1636 5560 pauci,
1651 5413 1795 5543 affimant
1806 5485 1878 5542 lunc

262 5553 320 5634 (15)
343 5555 385 5612 lta
399 5557 479 5616 Rom.
494 5553 561 5614 odit.
577 5570 640 5612 cum
654 5572 721 5613 mss.
743 5555 860 5630 aliquot,
875 5563 903 5614 et
918 5556 973 5616 Gil.
992 5556 1021 5614 in
1077 5559 1214 5616 muudum.

224 5639 310 5688 vura
323 5624 387 5684 leot.
402 5627 464 5688 Vet.
475 5635 568 5686 auum
577 5625 644 5685 odit.
656 5643 720 5687 cum
728 5626 835 5689 catoris
849 5645 926 5702 mss,
951 5629 1022 5704 quot
