4052 6192
286 239 339 302 ees
822 235 1444 301 anonumussuttuosunmunutx.
1850 255 1890 314 m

286 356 413 426 iudeis:
444 394 454 416 ι
480 367 509 425 Si
530 383 595 440 crgo
615 383 659 424 me
678 365 812 440 queritis,
839 367 922 424 sinite
946 367 997 424 hos
1010 367 1086 424 abire
1099 367 1125 427 Α
1138 342 1333 423 tabernaculis.
1364 364 1416 421 Per
1440 363 1515 421 Esau
1543 363 1662 436 populu
1690 365 1839 442 llsbraicus,
1856 395 1892 450 pp

289 458 380 529 (loun.
399 475 480 525 xvrrr,
495 457 535 528 8).
549 481 558 506 »
1138 453 1222 512 Jacob
1235 469 1301 510 vero
1321 453 1439 526 populus
1460 452 1585 526 gentium
1608 452 1762 527 designatur.
1777 462 1838 520 isaac
1855 483 1891 524 au.

323 547 399 605 Tulit
413 547 499 619 igitur
517 545 657 602 Abraham
680 545 757 619 ligna
775 545 941 612 holocausti,
957 554 984 603 et
997 546 1084 619 impo-
1139 556 1194 605 tem
1218 549 1362 621 utriusque
1387 547 1495 620 genitor
1514 554 1614 619 typum
1639 547 1743 606 Domini
1759 555 1843 626 mouit,
1858 563 1894 632 qul

287 637 344 694 suit
352 652 434 708 super
444 637 517 692 isaeo
531 634 620 690 filium
635 651 717 691 suum
735 652 741 690 ε
759 637 817 708 ipse
834 652 900 692 vero
915 637 1041 710 portabat
1055 637 1083 693 in
1140 646 1289 710 utrumque
1313 637 1456 709 populum,
1484 643 1512 692 et
1535 635 1615 692 illum
1635 651 1681 708 per
1694 637 1780 710 legem,
1792 653 1815 700 et
1826 645 1890 704 istum

287 723 414 782 manibus
437 723 527 796 iguem
554 731 581 780 et
601 723 735 796 gladium.
751 725 880 782 Diximus
894 727 1021 798 superius
1037 741 1086 799 per
1141 725 1285 798 perfidem
1303 725 1375 781 filios
1390 725 1444 781 sihi
1465 724 1540 781 fecit.
1565 725 1637 781 Esau
1649 725 1760 796 agricole
1773 741 1833 800 erat;
1846 737 1894 807 quia

287 811 360 884 ligna
384 819 493 883 peccate
514 821 608 868 nostra
631 812 715 868 luisse
741 812 906 888 designata:
924 814 998 886 ligna
1021 831 1085 887 ergo
1140 815 1299 871 iudeorum
1334 815 1452 887 populus
1482 830 1531 886 pro
1556 813 1671 870 terrenis
1698 820 1831 876 commodis
1851 825 1894 881 ileo

287 901 362 956 isaac
378 907 450 964 523
472 901 617 974 portavit3
642 901 708 975 quia
720 911 831 974 peccata
845 911 939 960 nostra
959 903 1087 962 Christus
1140 909 1285 966 serviebat.
1302 909 1363 964 Non
1377 909 1450 964 enim
1461 909 1566 965 dictum
1581 916 1623 964 est
1637 907 1671 965 ati
1684 908 1743 968 illos
1763 930 1768 968 :
1786 914 1812 970 Si
1822 933 1897 990 paupe·

286 999 402 1070 pertulit
416 998 445 1054 in
468 1015 582 1072 corpore
598 1016 648 1056 suo
663 1015 746 1072 super
773 1000 899 1073 lignum;
915 1008 946 1057 ut
966 1001 1086 1074 peccatis
1139 1016 1183 1056 res
1197 999 1306 1056 fueritis
1319 1000 1430 1071 spiritu,
1446 1001 1469 1055 si
1492 999 1584 1066 mites,
1599 999 1622 1055 si
1637 999 1756 1071 pacifici,
1776 1003 1796 1059 si
1817 1007 1897 1064 miseri·

286 1089 389 1145 mortui
409 1087 525 1162 justitiae
549 1092 687 1148 vivemus.
704 1091 756 1147 Per
775 1108 872 1148 uranus
889 1108 953 1149 vere
967 1093 1085 1149 Abrahe
1139 1087 1246 1157 cordes,
1273 1087 1295 1144 si
1312 1089 1513 1161 persecutiones
1528 1103 1578 1160 pro
1592 1087 1702 1145 nornine
1716 1105 1773 1146 meo
1787 1095 1896 1152 sustiuue

286 1187 407 1252 potestas
418 1181 529 1237 Domini
545 1180 634 1238 nostri
647 1182 712 1238 lesu
727 1181 832 1240 Christi
852 1181 1034 1254 intelligitur;
1055 1182 1084 1238 iu
1139 1177 1218 1246 ritis;
1230 1179 1304 1235 beati
1327 1179 1416 1248 eritis,
1440 1186 1467 1235 et
1488 1193 1594 1236 marces
1608 1187 1697 1235 vestra
1714 1181 1812 1252 copiosa
1823 1185 1865 1240 erit
1879 1203 1898 1242 ru

286 1267 346 1340 ejus
360 1286 478 1344 namque
493 1279 626 1344 potestate
641 1271 693 1329 fuit
709 1278 740 1328 ut
753 1279 916 1340 moreretur,
935 1281 962 1328 et
985 1280 1084 1328 utnon
1139 1267 1217 1324 ooelis
1233 1285 1239 1322 :
1268 1266 1316 1323 sed
1336 1267 1442 1324 dictum
1457 1275 1498 1324 est
1512 1266 1546 1324 ad
1562 1267 1626 1324 illos
1642 1284 1648 1323 :
1673 1289 1682 1315 ι
1704 1267 1732 1324 Si
1745 1271 1898 1328 custodieritis

286 1367 452 1428 moreretur,
474 1359 499 1414 si
521 1362 616 1430 veltet,
630 1362 703 1419 sicut
725 1361 785 1434 ipse
805 1361 866 1418 ait:
899 1362 1085 1418 ·Potestatem
1141 1356 1269 1414 mandata
1296 1375 1365 1427 mea,
1395 1365 1422 1416 et
1441 1357 1549 1429 judicia
1571 1373 1632 1414 mea
1655 1358 1825 1428 servaveritis,
1847 1361 1900 1418 dabo

287 1446 376 1506 habeo
391 1451 642 1522 ponendianimam
661 1468 761 1520 meam,
777 1460 804 1509 et
821 1459 982 1524 potestatem
998 1451 1085 1508 habeo
1140 1453 1220 1510 robis
1248 1454 1358 1527 pluuias
1384 1453 1554 1526 temporibus
1578 1453 1647 1520 suis,
1673 1460 1700 1510 et
1721 1460 1788 1511 terra
1809 1456 1900 1528 proteret

286 1541 386 1599 iterum
412 1544 541 1601 sumendi
562 1561 623 1604 earn
643 1547 735 1618 (ioan.
757 1562 787 1614 x,
810 1546 866 1614 tet.
889 1569 899 1594 ι
928 1545 980 1602 Per
993 1545 1085 1617 ignem
1141 1553 1250 1612 germen
1263 1557 1356 1607 suum,
1371 1551 1399 1598 et
1419 1543 1508 1614 pomis
1526 1541 1639 1600 arbores
1651 1543 1819 1615 replebuntur
1829 1546 1900 1613 (terit.

286 1639 378 1689 autem
407 1635 507 1706 passio,
536 1651 585 1709 per
610 1635 733 1708 gladium
762 1633 823 1706 ejus
856 1651 931 1692 mors
953 1633 1084 1706 intelligi·
1141 1644 1216 1698 urs,
1232 1627 1260 1699 3,
1279 1629 1320 1702 h),
1336 1655 1346 1678 ι
1363 1629 1744 1704 etceteraqueaddelicias
1760 1633 1902 1705 saculipsr-

286 1729 342 1781 tur.
1097 1733 1120 1793 Β
1140 1718 1241 1776 tinent.
1258 1721 1322 1777 Fuit
1336 1721 1420 1778 stiam
1443 1723 1517 1780 Esau
1532 1731 1659 1792 uenator,
1685 1723 1746 1796 quia
1760 1723 1903 1796 perettusio-

321 1809 390 1868 Cum
406 1811 527 1869 venisset
540 1811 574 1868 ad
590 1813 694 1882 locum,
719 1811 868 1870 edificavit
888 1814 984 1882 altare,
1001 1821 1028 1870 et
1041 1813 1086 1870 do·
1141 1823 1205 1864 nem
1224 1809 1390 1882 sanguinum
1405 1811 1533 1880 arietum,
1545 1810 1688 1868 hircorum
1698 1813 1902 1885 stquesitulorum

286 1917 369 1974 super
394 1902 469 1976 ligna
492 1905 658 1976 composuit.
681 1904 806 1977 Cumque
832 1905 988 1978 colligasset
1013 1906 1088 1965 Isaac
1142 1897 1230 1953 iteum
1246 1898 1353 1969 placare
1376 1910 1580 1958 consueverat:
1609 1899 1695 1958 Jacob
1715 1907 1800 1956 auum
1814 1901 1904 1973 simplat

287 1989 378 2047 filium
407 2008 500 2062 sunm,
521 1992 614 2066 posuit
638 2009 700 2050 eum
727 1995 756 2050 in
777 1995 856 2052 altari
879 2011 961 2069 super
982 2003 1087 2052 struem
1142 1991 1284 2050 habitabat
1314 1995 1344 2050 in
1370 1993 1573 2064 tabernaculis;
1590 1996 1657 2070 quia
1671 1996 1748 2054 electi
1763 1996 1905 2070 exgentibus

287 2083 438 2156 lignorum.
454 2086 505 2142 Per
519 2087 684 2144 altareorux
696 2085 861 2160 intelligitur
875 2106 882 2144 :
897 2105 1009 2146 erucem
1023 2105 1088 2162 ergo
1141 2083 1199 2140 sola
1221 2082 1275 2139 tide
1293 2085 1351 2156 (52)
1374 2083 1501 2158 bonaque
1519 2086 1666 2142 voluntate
1686 2087 1741 2143 Deo
1756 2087 1849 2159 placere
1861 2095 1903 2142 stu·

286 2173 374 2230 Filius
387 2173 437 2230 Dei
451 2173 609 2246 edificavit,
629 2176 722 2249 inqua
736 2175 820 2234 homo
835 2195 917 2252 quem
934 2195 1087 2250 assumpse·
1141 2173 1272 2230 duetunt.
1287 2173 1340 2229 Per
1353 2173 1530 2231 tabernacula
1543 2191 1611 2232 vero
1628 2175 1690 2232 siue
1708 2175 1821 2232 divesne
1835 2175 1904 2232 Emle·

286 2270 339 2332 rat,
355 2262 544 2322 immolaretur
557 2267 638 2339 ;quia
652 2267 712 2339 ipso
726 2269 902 2341 permittente
918 2270 1021 2328 laetum
1033 2278 1085 2328 est.
1141 2261 1206 2328 85³⁸,
1229 2260 1259 2317 in
1282 2261 1383 2335 quibus
1396 2278 1444 2334 per
1460 2263 1621 2320 universum
1638 2263 1733 2320 orbem
1746 2280 1798 2321 11⁰³
1810 2264 1906 2321 Emittit

287 2351 375 2424 Super
396 2353 481 2409 altare
495 2370 561 2410 vero
586 2355 660 2428 ligna
684 2359 849 2430 composuit,
866 2368 893 2416 et
916 2375 999 2430 super
1011 2358 1088 2431 ligna
1141 2349 1279 2408 000001ῑο0
1292 2350 1439 2420 divisam,
1456 2351 1516 2410 εἰ00
1529 2351 1655 2410 00100000
1672 2353 1779 2410 ordin&
1793 2367 1908 2426 P⁰⁸⁸¹¹ffl⁰³

287 2441 380 2514 posuit
394 2443 470 2500 Isaac
484 2442 572 2499 tilium
588 2459 669 2501 suum
685 2445 860 2518 colligatum;
882 2446 953 2504 illud
967 2463 1087 2520 namque
1142 2436 1306 2512 intelligere.

287 2528 362 2602 quod
389 2528 521 2588 suffocare
536 2531 674 2600 volumus,
698 2533 836 2590 nobismet
861 2534 930 2608 ipsis
955 2536 1086 2608 supponi·
1177 2528 1252 2584 Isaac
1272 2529 1404 2603 diligebat
1430 2531 1515 2600 Esau,
1538 2545 1570 2588 so
1594 2531 1670 2606 quod
1694 2532 1728 2590 de
1746 2529 1909 2589 venationibus

289 2635 361 2689 mus,
376 2628 408 2676 ut
431 2621 553 2694 pondere
576 2631 671 2680 nostro
697 2624 847 2682 sutlocetur
870 2633 897 2682 et
912 2635 1022 2700 pereat:
1041 2627 1087 2684 si·
1142 2615 1219 2674 illius
1227 2625 1382 2676 vesceretur
1394 2636 1400 2674 ἰ
1410 2618 1458 2676 ted
1472 2620 1594 2678 Rebecca
1608 2619 1742 2695 diligebat
1754 2620 1909 2686 Jacob-iffi.

287 2707 433 2766 militaret
458 2711 624 2786 Redemptor
648 2721 741 2770 noster
763 2715 847 2788 ligna,
868 2715 956 2773 idest
977 2724 1088 2789 peccata
1142 2704 1214 2762 sieut
1231 2705 1367 2776 001ῑο100»
1381 2708 1410 2764 in
1435 2707 1490 2765 h00
1512 2710 1574 2766 ¹⁰⁰⁰
1590 2716 1692 2783 typum
1714 2710 1817 2768 Domim
1835 2716 1909 2764 ”⁰⁰¹²

286 2798 431 2866 nostra,in
443 2801 656 2873 crucependens
670 2803 723 2858 sibi
739 2804 902 2876 supposuit;
918 2813 950 2861 ut
966 2805 1086 2877 pondere
1141 2809 1190 2866 W
1209 2794 1359 2853 Ηο0000000
1384 2806 1475 2854 000000
1496 2797 1702 2870 00000Ῑο00Ῑοῐο
1723 2798 1770 2856 Dei
1792 2810 1911 2871 P⁰⁸⁸¹¹ffl¹¹⁵

287 2901 337 2942 suo
352 2895 433 2960 utque
451 2888 552 2945 virtute
577 2891 777 2948 suffocarentur
791 2909 822 2948 ac
834 2893 1001 2950 delerentur.
1020 2894 1087 2951 Vin·
1142 2887 1307 2960 0100108000·
1330 2890 1405 2946 10000
1425 2889 1511 2961 iliius
1525 2889 1661 2963 dilidebssi
1676 2893 1757 2959 5⁸³⁰,
1772 2907 1802 2948 00
1814 2889 1877 2962 quod
1887 2887 1912 2942 ‘¹⁰

286 2975 349 3032 cula
364 2983 454 3031 autem
469 2978 543 3034 isaac
555 2977 732 3036 afflictionem
744 2981 856 3037 Domini
872 2981 901 3038 iu
921 2997 1001 3040 eruce
1016 2980 1088 3037 desi·
1141 2980 1338 3038 venationibus
1349 2982 1426 3038 illius
1443 2990 1616 3048 vesceretur3
1638 2984 1703 3058 quia
1721 2985 1791 3039 Deus
1805 2977 1911 3051 diligebat

287 3067 502 3136 graveremus
518 3081 582 3122 vero
598 3083 658 3140 que
675 3070 789 3142 angelus
805 3070 839 3126 ad
854 3071 993 3128 Abraham
1008 3073 1082 3132 locu·
1101 3097 1123 3158 Ο
1142 3070 1274 3140 populum
1288 3071 1456 3142 iudeorum,
1476 3087 1508 3130 eo
1525 3073 1598 3146 quod
1613 3073 1735 3132 assiduis
1749 3087 1834 3129 eorum
1850 3069 1913 3124 obla-

287 3159 331 3209 tus
348 3161 398 3220 est,
414 3153 530 3212 adhunc
543 3157 745 3227 expositionem
757 3176 812 3216 nou
829 3166 979 3232 pertinent.
1139 3157 1263 3216 tionibus
1291 3162 1467 3233 placaretur:
1496 3171 1582 3220 mater
1603 3179 1675 3220 vero
1702 3161 1826 3234 diligebat
1838 3158 1910 3222 Jacob.

324 3243 441 3302 Levavit
453 3247 591 3304 Abraham
612 3251 717 3320 oeulos,
731 3252 857 3326 viditque
881 3253 993 3312 arietem
1013 3254 1087 3312 inter
1140 3249 1206 3320 quia
1218 3249 1309 3306 sciens
1321 3251 1393 3308 Deus
1407 3252 1539 3325 populum
1554 3253 1684 3325 gentium
1700 3253 1787 3308 multo
1797 3249 1911 3306 melione

285 3349 382 3407 vepres
396 3334 546 3394 herentem
562 3339 708 3409 cornibus,
723 3357 805 3414 quern
820 3359 961 3400 assumens
980 3344 1085 3422 obtulit
1139 3337 1197 3394 lore
1226 3355 1308 3412 quam
1331 3341 1464 3414 populum
1487 3341 1669 3410 iudeorum,
1694 3359 1743 3416 per
1763 3335 1910 3413 prescienlin

285 3421 476 3483 holocaustum
491 3444 540 3499 pro
552 3427 620 3486 titio.
636 3429 715 3486 Aries
729 3430 871 3489 Christum
882 3433 1020 3506 signauit:
1036 3449 1085 3505 per
1138 3443 1194 3484 sum
1218 3429 1333 3501 gratiam
1358 3431 1445 3488 multo
1468 3432 1589 3505 amplius
1611 3448 1679 3488 eum
1702 3429 1835 3502 diligebat.
1859 3426 1912 3482 teu

285 3511 340 3570 duo
362 3530 466 3570 cornua
480 3515 536 3572 duo
555 3524 690 3589 praecepta
713 3517 859 3576 eharitatis
882 3520 1081 3594 designantur:
1138 3533 1201 3574 cum
1217 3518 1247 3574 in
1262 3520 1409 3576 venatione
1423 3529 1596 3591 moraretur,
1612 3530 1647 3578 ut
1662 3522 1697 3579 de
1714 3517 1855 3594 agrestibus
1870 3513 1911 3568 ani·

287 3617 334 3676 per
349 3619 445 3674 vepres
463 3603 562 3662 iudei.
580 3604 709 3662 Christus
727 3607 812 3678 igitur
827 3608 898 3666 inter
911 3625 1006 3682 uepres
1029 3609 1083 3666 he·
1138 3606 1259 3664 malibus
1270 3607 1348 3666 cibos
1358 3610 1428 3681 patri
1443 3610 1597 3680 exhiberet,
1609 3608 1791 3684 quatenusab
1801 3605 1913 3664 illobeur·

285 3688 363 3745 rebat
384 3691 532 3758 cornibus}
554 3693 619 3764 qnia
634 3693 744 3750 ludaeos
758 3705 788 3752 ut
801 3695 899 3753 fratres
913 3697 1041 3770 diligens,
1057 3706 1084 3756 et
1138 3695 1286 3766 diceretur,
1301 3706 1390 3755 mater
1404 3699 1488 3757 Jacob
1501 3701 1535 3756 ad
1551 3699 1759 3774 percipiendam
1774 3693 1913 3754 benedictio

285 3779 376 3837 sciens
391 3780 456 3853 quia
471 3781 594 3853 gentium
610 3784 720 3840 vocatio
733 3785 891 3843 ludaeorum
909 3797 979 3845 esset
992 3789 1080 3862 perdi·
1138 3800 1201 3842 uem
1221 3788 1292 3860 patri
1321 3789 1474 3862 appiiouit;
1501 3791 1566 3862 quia
1593 3807 1660 3847 cum
1691 3788 1807 3862 populus
1831 3781 1913 3842 ludeo

191 3949 194 3958 .
285 3870 334 3939 tio,
358 3871 449 3927 noluit
463 3870 650 3942 prirnolidem
666 3873 810 3947 Evangelii
826 3877 1082 3950 gentibustradere,
1138 3879 1604 3954 rumobservationihuslegalibus
1627 3882 1913 3945 contremescentem

284 3959 331 4016 sed
351 3960 463 4016 mittens
478 3959 513 4016 ed
536 3962 744 4033 predicandum
759 3965 911 4040 discipulos
924 3983 998 4036 suos,
1016 3985 1083 4041 prae·
1137 3967 1172 4024 ad
1187 3967 1270 4026 fidem
1290 3969 1395 4026 Christi
1409 3969 1613 4043 percipiendam
1640 3967 1912 4028 tardiusoccurrerett

283 4048 537 4121 oepiteisdicens:
570 4052 720 4108 «lnviam
742 4054 865 4126 gentium
891 4071 924 4112 ue
948 4055 1081 4126 abieritis,
1138 4065 1225 4115 mater
1248 4059 1335 4131 gratia
1357 4060 1490 4132 populum
1518 4060 1663 4132 gentium.
1694 4076 1727 4116 eo
1759 4055 1827 4131 quod
1850 4050 1911 4108 idtffl

283 4148 311 4197 et
334 4139 363 4196 in
381 4140 505 4219 civitatis
521 4141 759 4198 Samaritanorum
778 4159 812 4200 ne
827 4143 1018 4202 intraveritis:
1035 4147 1083 4204 sed
1137 4149 1319 4228 Christ'gcum
1338 4149 1471 4206 aviditate
1485 4149 1663 4222 suscepisset,
1689 4149 1722 4208 ad
1737 4141 1912 4222 percipiendam

284 4229 323 4286 ite
335 4231 427 4303 potius
442 4232 475 4288 ad
491 4249 558 4288 oves
574 4232 696 4305 perditas
710 4233 808 4292 domus
827 4236 910 4291 lsrael
929 4237 1035 4308 (nluttt.
1051 4254 1081 4307 x,
1136 4240 1369 4311 benedictionem,
1387 4257 1447 4316 qua
1461 4242 1564 4299 iudeis
1573 4241 1742 4308 debebatur,
1755 4243 1810 4298 lleo
1823 4232 1912 4293 obtulit.

282 4321 323 4394 b).
340 4345 350 4370 ι
372 4322 408 4377 Et
421 4321 532 4377 mulieri
552 4320 713 4378 Chanauaeae
727 4322 799 4379 dixit
817 4339 823 4378 :
847 4324 930 4380 «Non
946 4342 1005 4380 sum
1019 4326 1081 4383 nris·
1138 4329 1263 4397 Qualiter
1281 4338 1372 4388 autem
1398 4330 1456 4403 ipse
1477 4332 1594 4404 populus
1609 4331 1739 4405 gentium
1756 4329 1806 4385 hoc
1819 4319 1912 4382 bened-

283 4425 338 4478 sus,
351 4411 405 4466 nisi
420 4410 604 4484 odoresque
621 4412 762 4484 perierunt
772 4411 870 4470 domus
883 4415 963 4470 Israel
974 4417 1080 4486 (tratti.
1098 4455 1123 4516 D
1138 4419 1240 4476 etionis
1255 4419 1358 4477 donum
1375 4420 1537 4492 promeruit,
1546 4428 1686 4478 testantur
1700 4435 1787 4493 opera
1800 4413 1871 4472 Jaooh
1880 4422 1913 4480 nti

282 4515 331 4566 xv,
347 4497 412 4570 tt),
429 4524 438 4546 ι
461 4500 600 4555 etiterum
621 4516 626 4554 :
665 4525 673 4548 ι
699 4501 758 4556 Non
786 4508 827 4556 est
851 4501 954 4558 bouum
975 4521 1082 4561 sumere
1137 4507 1385 4580 significationem,
1410 4526 1471 4583 que
1487 4525 1535 4582 pro
1551 4509 1750 4567 benedictione
1764 4495 1912 4581 percipienda

283 4605 380 4663 panem
396 4588 529 4657 fidorum,
547 4597 573 4645 et
588 4590 697 4646 mittere
712 4591 826 4648 canibus
841 4593 922 4664 (ibid.
938 4593 994 4666 26).
1011 4620 1020 4642 ι
1134 4596 1222 4668 egisse
1237 4596 1413 4655 describitur.

319 4685 459 4742 Abraham
484 4693 574 4742 autem
602 4701 618 4742 a
642 4688 772 4760 vepribus
795 4690 907 4746 arietem
935 4691 1080 4762 abstraxit,
1169 4687 1248 4744 Dixit
1265 4687 1349 4760 igitur
1363 4687 1486 4746 Rebecca
1498 4687 1557 4744 lilio
1571 4705 1623 4744 suo
1638 4689 1747 4746 Jacob:
1768 4671 1910 4770 ‹Affermihi

282 4783 365 4848 atque
380 4776 408 4832 in
430 4775 621 4834 holocaustum
640 4793 689 4850 pro
708 4779 767 4834 lilio
782 4779 884 4836 obtulit
900 4797 906 4836 ε
923 4781 988 4854 quia
1001 4783 1080 4839 Pater
1134 4776 1204 4833 duos
1218 4775 1314 4833 haedos
1336 4777 1466 4848 optimos,
1488 4785 1515 4834 et
1533 4777 1635 4834 faciam
1663 4793 1700 4834 ex
1715 4778 1757 4834 eis
1770 4789 1839 4832 escas
1858 4772 1912 4839 ptffl

282 4865 396 4933 Filium,
412 4865 508 4938 etipse
523 4867 611 4923 Filius
625 4868 803 4940 semetipsum
818 4868 852 4925 ab
866 4885 959 4925 amore
982 4870 1079 4944 impio·
1134 4873 1193 4930 tuo,
1205 4864 1307 4938 quibus
1322 4863 1441 4922 libenter
1455 4866 1576 4924 uescitur
1594 4885 1601 4934 ;
1618 4875 1648 4924 et
1665 4865 1811 4924 benedicet
1824 4857 1867 4916 tibi
1878 4869 1910 4908 ou

282 4968 344 5010 rum
371 4953 529 5010 ludaeorum
554 4956 702 5027 separarit,
726 4964 808 5030 atque
827 4957 968 5015 bominem
996 4975 1077 5033 quem
1132 4971 1191 5013 ram
1207 4957 1342 5024 Domino,
1355 4965 1500 5031 antequam
1516 4959 1653 5016 moriatur
1666 4959 1747 5032 (een.
1763 4971 1841 5019 surii,
1853 4950 1886 5018 9).
1900 4967 1907 4991 ·

281 5043 439 5118 assumpsit,
460 5060 510 5116 pro
524 5045 612 5101 salute
626 5044 741 5103 humaui
767 5045 874 5120 generis
897 5046 926 5102 in
950 5047 1078 5104 holocau-
1131 5045 1210 5102 Abiit
1225 5054 1253 5102 et
1267 5047 1371 5115 attulit,
1400 5046 1530 5120 deditque
1548 5049 1641 5106 matri.
1659 5047 1774 5104 Paravit
1786 5044 1830 5099 illa
1842 5037 1909 5096 citos

280 5139 354 5191 stum
369 5133 481 5190 obtulit.
1131 5133 1203 5192 sicut
1217 5144 1332 5192 uouerat
1343 5135 1414 5192 velle
1434 5144 1538 5209 patrem
1557 5137 1647 5207 illius,
1666 5144 1697 5194 et
1712 5133 1831 5194 vestibus
1845 5127 1910 5184 Este

315 5231 356 5288 De
378 5231 475 5289 eodem
490 5231 557 5287 ver'o
574 5231 650 5288 isaac
671 5232 805 5305 scriptum
825 5231 955 5306 estquis
980 5230 1078 5290 habuit
1131 5245 1199 5304 (illas
1214 5229 1286 5302 apud
1301 5246 1331 5287 se
1346 5229 1464 5287 habebat
1476 5231 1563 5302 domi,
1575 5231 1672 5288 induit
1687 5247 1765 5298 eum,
1781 5219 1909 5300 pelliculas·

279 5319 349 5378 duos
363 5319 447 5390 tilios,
468 5321 541 5378 Esau
570 5327 597 5378 et
620 5321 713 5380 Jacob.
742 5323 814 5380 Esau
839 5329 954 5378 uenator
967 5321 1031 5388 luit,
1050 5330 1078 5380 et
1132 5336 1185 5394 que
1199 5322 1341 5380 haedorum
1357 5323 1540 5382 circumdedit
1561 5323 1704 5394 manibus,
1725 5332 1753 5381 et
1774 5315 1836 5378 colli
1852 5305 1909 5368 nudt

280 5407 363 5468 homo
386 5409 524 5484 agricola:
550 5410 634 5469 Jacob
658 5427 724 5468 uero
744 5412 863 5485 simplex
885 5411 1027 5470 habitabat
1048 5411 1077 5468 in
1131 5413 1265 5486 protexit,
1279 5413 1410 5489 deditque
1418 5415 1606 5488 pulmentum,
1622 5422 1653 5471 et
1663 5429 1749 5489 panos
1762 5423 1826 5484 quot
1845 5411 1906 5458 00ῐο

317 5603 376 5674 (bt)
392 5603 437 5662 Sic
452 5620 530 5673 mss.;
547 5609 574 5661 at
586 5602 732 5672 veroedit„
757 5619 789 5660 cs
811 5603 928 5676 pentibus
948 5604 999 5662 soli
1011 5605 1072 5676 fide,
1087 5613 1140 5663 etc.
