<?xml version="1.0" encoding="UTF-8"?>
<!DOCTYPE html PUBLIC "-//W3C//DTD XHTML 1.0 Transitional//EN"
    "http://www.w3.org/TR/xhtml1/DTD/xhtml1-transitional.dtd">
<html xmlns="http://www.w3.org/1999/xhtml" xml:lang="en" lang="en">
 <head>
  <title>
</title>
<meta http-equiv="Content-Type" content="text/html;charset=utf-8" />
  <meta name='ocr-system' content='tesseract 3.04.00' />
  <meta name='ocr-capabilities' content='ocr_page ocr_carea ocr_par ocr_line ocrx_word'/>
</head>
<body>
  <div class='ocr_page' id='page_1' title='image "./patrologiaecurs131migngoog_0241.png"; bbox 0 0 4078 6186; ppageno 0'>
   <div class='ocr_carea' id='block_1_1' title="bbox 273 273 1923 348">
    <p class='ocr_par' dir='ltr' id='par_1_1' title="bbox 273 273 1923 348">
     <span class='ocr_line' id='line_1_1' title="bbox 273 273 1923 348; baseline 0 -6"><span class='ocrx_word' id='word_1_1' title='bbox 273 281 324 342; x_wconf 76' lang='lat' dir='ltr'><strong>itt</strong></span> <span class='ocrx_word' id='word_1_2' title='bbox 779 276 828 333; x_wconf 79' lang='lat' dir='ltr'><strong>An</strong></span> <span class='ocrx_word' id='word_1_3' title='bbox 847 273 965 334; x_wconf 81' lang='lat' dir='ltr'><strong>OPERA</strong></span> <span class='ocrx_word' id='word_1_4' title='bbox 983 273 1012 332; x_wconf 84' lang='lat' dir='ltr'><strong>S.</strong></span> <span class='ocrx_word' id='word_1_5' title='bbox 1031 273 1198 336; x_wconf 79' lang='lat' dir='ltr'><strong>Alfflnosn</strong></span> <span class='ocrx_word' id='word_1_6' title='bbox 1212 275 1405 338; x_wconf 81' lang='lat' dir='ltr'><strong>APPENDIX.</strong></span> <span class='ocrx_word' id='word_1_7' title='bbox 1872 284 1923 348; x_wconf 80' lang='lat' dir='ltr'><strong>tta</strong></span> 
     </span>
    </p>
   </div>
   <div class='ocr_carea' id='block_1_2' title="bbox 262 398 1924 2025">
    <p class='ocr_par' dir='ltr' id='par_1_2' title="bbox 262 398 1924 2025">
     <span class='ocr_line' id='line_1_2' title="bbox 309 398 1924 483; baseline 0.001 -18"><span class='ocrx_word' id='word_1_8' title='bbox 309 405 467 480; x_wconf 78' lang='lat' dir='ltr'><strong>(Versdl,</strong></span> <span class='ocrx_word' id='word_1_9' title='bbox 484 403 541 475; x_wconf 81' lang='lat'><strong>18.)</strong></span> <span class='ocrx_word' id='word_1_10' title='bbox 568 425 578 451; x_wconf 80' lang='grc' dir='ltr'>ι</span> <span class='ocrx_word' id='word_1_11' title='bbox 597 403 652 461; x_wconf 83' lang='grc' dir='ltr'><strong>Νοε</strong></span> <span class='ocrx_word' id='word_1_12' title='bbox 671 410 775 470; x_wconf 87' lang='lat' dir='ltr'><strong>autem,</strong></span> <span class='ocrx_word' id='word_1_13' title='bbox 790 401 898 469; x_wconf 91' lang='lat' dir='ltr'><strong>fratres,</strong></span> <span class='ocrx_word' id='word_1_14' title='bbox 917 398 1033 458; x_wconf 88' lang='lat' dir='ltr'><strong>desolati</strong></span> <span class='ocrx_word' id='word_1_15' title='bbox 1053 401 1195 471; x_wconf 80' lang='lat' dir='ltr'><strong>aAliati,</strong></span> <span class='ocrx_word' id='word_1_16' title='bbox 1210 411 1242 462; x_wconf 91' lang='lat' dir='ltr'><strong>ut</strong></span> <span class='ocrx_word' id='word_1_17' title='bbox 1265 404 1426 466; x_wconf 90' lang='lat' dir='ltr'><strong>verberibus</strong></span> <span class='ocrx_word' id='word_1_18' title='bbox 1448 416 1477 466; x_wconf 92' lang='lat' dir='ltr'><strong>et</strong></span> <span class='ocrx_word' id='word_1_19' title='bbox 1498 407 1620 466; x_wconf 85' lang='lat' dir='ltr'><strong>vinculis</strong></span> <span class='ocrx_word' id='word_1_20' title='bbox 1642 406 1856 483; x_wconf 81' lang='lat' dir='ltr'><strong>subjicerentur.</strong></span> <span class='ocrx_word' id='word_1_21' title='bbox 1881 412 1924 473; x_wconf 82' lang='lat' dir='ltr'><strong>Ad</strong></span> 
     </span>
     <span class='ocr_line' id='line_1_3' title="bbox 272 488 1924 602; baseline -0.002 -46"><span class='ocrx_word' id='word_1_22' title='bbox 272 497 352 556; x_wconf 90' lang='lat' dir='ltr'><strong>vobis</strong></span> <span class='ocrx_word' id='word_1_23' title='bbox 363 496 398 553; x_wconf 92' lang='lat' dir='ltr'><strong>ad</strong></span> <span class='ocrx_word' id='word_1_24' title='bbox 412 503 521 567; x_wconf 89' lang='lat' dir='ltr'><strong>tempus</strong></span> <span class='ocrx_word' id='word_1_25' title='bbox 541 491 628 562; x_wconf 79' lang='lat' dir='ltr'><strong>hore,</strong></span> <span class='ocrx_word' id='word_1_26' title='bbox 651 491 731 559; x_wconf 90' lang='lat' dir='ltr'><strong>facie,</strong></span> <span class='ocrx_word' id='word_1_27' title='bbox 747 493 804 548; x_wconf 85' lang='lat' dir='ltr'><strong>noti</strong></span> <span class='ocrx_word' id='word_1_28' title='bbox 817 488 911 558; x_wconf 92' lang='lat' dir='ltr'><strong>corde,</strong></span> <span class='ocrx_word' id='word_1_29' title='bbox 929 489 1069 548; x_wconf 90' lang='lat' dir='ltr'><strong>abundan-</strong></span> <span class='ocrx_word' id='word_1_30' title='bbox 1124 509 1206 567; x_wconf 88' lang='lat' dir='ltr'><strong>quam</strong></span> <span class='ocrx_word' id='word_1_31' title='bbox 1222 511 1278 551; x_wconf 91' lang='lat' dir='ltr'><strong>rem</strong></span> <span class='ocrx_word' id='word_1_32' title='bbox 1294 497 1478 556; x_wconf 81' lang='lat' dir='ltr'>excusandam</span> <span class='ocrx_word' id='word_1_33' title='bbox 1488 498 1665 557; x_wconf 77' lang='lat' dir='ltr'><strong>Timotheum</strong></span> <span class='ocrx_word' id='word_1_34' title='bbox 1679 515 1795 599; x_wconf 75' lang='lat' dir='ltr'><strong>mimum</strong></span> <span class='ocrx_word' id='word_1_35' title='bbox 1808 507 1924 602; x_wconf 71' lang='lat' dir='ltr'><strong>testatur</strong></span> 
     </span>
     <span class='ocr_line' id='line_1_4' title="bbox 271 579 1924 694; baseline 0.002 -49"><span class='ocrx_word' id='word_1_36' title='bbox 271 587 329 646; x_wconf 91' lang='lat' dir='ltr'><strong>tius</strong></span> <span class='ocrx_word' id='word_1_37' title='bbox 350 585 543 644; x_wconf 79' lang='lat' dir='ltr'><strong>festinavimus</strong></span> <span class='ocrx_word' id='word_1_38' title='bbox 566 584 664 642; x_wconf 87' lang='lat' dir='ltr'><strong>faciem</strong></span> <span class='ocrx_word' id='word_1_39' title='bbox 684 588 802 638; x_wconf 88' lang='lat' dir='ltr'><strong>vestram</strong></span> <span class='ocrx_word' id='word_1_40' title='bbox 819 579 914 637; x_wconf 89' lang='lat' dir='ltr'><strong>videre</strong></span> <span class='ocrx_word' id='word_1_41' title='bbox 936 580 966 637; x_wconf 94' lang='lat' dir='ltr'><strong>in</strong></span> <span class='ocrx_word' id='word_1_42' title='bbox 980 583 1069 640; x_wconf 88' lang='lat' dir='ltr'><strong>multo</strong></span> <span class='ocrx_word' id='word_1_43' title='bbox 1124 579 1253 640; x_wconf 89' lang='lat' dir='ltr'><strong>idoneum</strong></span> <span class='ocrx_word' id='word_1_44' title='bbox 1282 585 1441 658; x_wconf 86' lang='lat' dir='ltr'><strong>doctorem,</strong></span> <span class='ocrx_word' id='word_1_45' title='bbox 1466 589 1513 663; x_wconf 90' lang='lat' dir='ltr'><strong>qui</strong></span> <span class='ocrx_word' id='word_1_46' title='bbox 1542 587 1698 645; x_wconf 88' lang='lat' dir='ltr'><strong>ostenderet</strong></span> <span class='ocrx_word' id='word_1_47' title='bbox 1731 588 1798 692; x_wconf 81' lang='lat' dir='ltr'><strong>hinc</strong></span> <span class='ocrx_word' id='word_1_48' title='bbox 1818 599 1924 694; x_wconf 33' lang='lat' dir='ltr'><strong>&#39;merrat</strong></span> 
     </span>
     <span class='ocr_line' id='line_1_5' title="bbox 270 672 1924 756; baseline 0.001 -19"><span class='ocrx_word' id='word_1_49' title='bbox 270 678 417 738; x_wconf 87' lang='lat' dir='ltr'><strong>desiderio.</strong></span> <span class='ocrx_word' id='word_1_50' title='bbox 433 678 605 750; x_wconf 80' lang='lat' dir='ltr'>Quapropter</span> <span class='ocrx_word' id='word_1_51' title='bbox 618 672 760 731; x_wconf 90' lang='lat' dir='ltr'><strong>voluimus</strong></span> <span class='ocrx_word' id='word_1_52' title='bbox 778 672 873 730; x_wconf 89' lang='lat' dir='ltr'><strong>venire</strong></span> <span class='ocrx_word' id='word_1_53' title='bbox 890 672 927 731; x_wconf 91' lang='lat' dir='ltr'><strong>ad</strong></span> <span class='ocrx_word' id='word_1_54' title='bbox 940 690 999 743; x_wconf 90' lang='lat' dir='ltr'><strong>vos,</strong></span> <span class='ocrx_word' id='word_1_55' title='bbox 1019 690 1069 747; x_wconf 90' lang='lat' dir='ltr'><strong>ego</strong></span> <span class='ocrx_word' id='word_1_56' title='bbox 1123 689 1244 732; x_wconf 89' lang='lat' dir='ltr'><strong>crescere</strong></span> <span class='ocrx_word' id='word_1_57' title='bbox 1265 675 1441 748; x_wconf 89' lang='lat' dir='ltr'><strong>Christianis,</strong></span> <span class='ocrx_word' id='word_1_58' title='bbox 1458 681 1480 736; x_wconf 88' lang='lat' dir='ltr'><strong>si</strong></span> <span class='ocrx_word' id='word_1_59' title='bbox 1503 697 1553 754; x_wconf 93' lang='lat' dir='ltr'><strong>pro</strong></span> <span class='ocrx_word' id='word_1_60' title='bbox 1578 679 1690 738; x_wconf 89' lang='lat' dir='ltr'><strong>nomine</strong></span> <span class='ocrx_word' id='word_1_61' title='bbox 1713 680 1825 739; x_wconf 78' lang='lat' dir='ltr'><strong>Domum</strong></span> <span class='ocrx_word' id='word_1_62' title='bbox 1850 698 1924 756; x_wconf 90' lang='lat' dir='ltr'><strong>passr</strong></span> 
     </span>
     <span class='ocr_line' id='line_1_6' title="bbox 270 764 1920 874; baseline 0.004 -46"><span class='ocrx_word' id='word_1_63' title='bbox 270 769 375 828; x_wconf 90' lang='lat' dir='ltr'><strong>luidem</strong></span> <span class='ocrx_word' id='word_1_64' title='bbox 397 770 508 838; x_wconf 89' lang='lat' dir='ltr'><strong>Paulus,</strong></span> <span class='ocrx_word' id='word_1_65' title='bbox 523 775 550 824; x_wconf 91' lang='lat' dir='ltr'><strong>ct</strong></span> <span class='ocrx_word' id='word_1_66' title='bbox 574 765 657 822; x_wconf 73' lang='lat' dir='ltr'><strong>mmet</strong></span> <span class='ocrx_word' id='word_1_67' title='bbox 680 772 707 822; x_wconf 91' lang='lat' dir='ltr'><strong>et</strong></span> <span class='ocrx_word' id='word_1_68' title='bbox 723 764 834 834; x_wconf 88' lang='lat' dir='ltr'><strong>iterum,</strong></span> <span class='ocrx_word' id='word_1_69' title='bbox 849 764 897 822; x_wconf 91' lang='lat' dir='ltr'><strong>sed</strong></span> <span class='ocrx_word' id='word_1_70' title='bbox 920 764 1069 838; x_wconf 79' lang='lat' dir='ltr'><strong>impedivit</strong></span> <span class='ocrx_word' id='word_1_71' title='bbox 1123 764 1223 836; x_wconf 75' lang='lat' dir='ltr'><strong>gratias</strong></span> <span class='ocrx_word' id='word_1_72' title='bbox 1234 773 1413 842; x_wconf 87' lang='lat' dir='ltr'><strong>agant,aquo</strong></span> <span class='ocrx_word' id='word_1_73' title='bbox 1428 768 1512 841; x_wconf 84' lang='lat' dir='ltr'><strong>bajus</strong></span> <span class='ocrx_word' id='word_1_74' title='bbox 1526 770 1567 826; x_wconf 90' lang='lat' dir='ltr'><strong>rei</strong></span> <span class='ocrx_word' id='word_1_75' title='bbox 1582 771 1735 830; x_wconf 80' lang='lat' dir='ltr'><strong>mercedem</strong></span> <span class='ocrx_word' id='word_1_76' title='bbox 1750 785 1920 874; x_wconf 71' lang='lat' dir='ltr'><strong>exspectant,</strong></span> 
     </span>
     <span class='ocr_line' id='line_1_7' title="bbox 269 851 1920 929; baseline 0.001 -11"><span class='ocrx_word' id='word_1_77' title='bbox 269 877 320 918; x_wconf 89' lang='lat' dir='ltr'><strong>nos</strong></span> <span class='ocrx_word' id='word_1_78' title='bbox 334 860 457 920; x_wconf 83' lang='lat' dir='ltr'><strong>Satanas.</strong></span> <span class='ocrx_word' id='word_1_79' title='bbox 477 883 486 906; x_wconf 76' lang='grc' dir='ltr'>ι</span> <span class='ocrx_word' id='word_1_80' title='bbox 511 859 571 918; x_wconf 73' lang='lat' dir='ltr'><strong>lion</strong></span> <span class='ocrx_word' id='word_1_81' title='bbox 585 853 689 923; x_wconf 90' lang='lat' dir='ltr'><strong>animo,</strong></span> <span class='ocrx_word' id='word_1_82' title='bbox 710 853 757 911; x_wconf 91' lang='lat' dir='ltr'><strong>sed</strong></span> <span class='ocrx_word' id='word_1_83' title='bbox 771 869 886 928; x_wconf 90' lang='lat' dir='ltr'><strong>corpore</strong></span> <span class='ocrx_word' id='word_1_84' title='bbox 896 851 1021 910; x_wconf 88' lang='lat' dir='ltr'><strong>divulsos</strong></span> <span class='ocrx_word' id='word_1_85' title='bbox 1039 870 1068 912; x_wconf 91' lang='lat' dir='ltr'><strong>se</strong></span> <span class='ocrx_word' id='word_1_86' title='bbox 1122 852 1260 926; x_wconf 89' lang='lat' dir='ltr'><strong>simulque</strong></span> <span class='ocrx_word' id='word_1_87' title='bbox 1275 871 1368 928; x_wconf 89' lang='lat' dir='ltr'><strong>preces</strong></span> <span class='ocrx_word' id='word_1_88' title='bbox 1388 857 1445 913; x_wconf 91' lang='lat' dir='ltr'><strong>Deo</strong></span> <span class='ocrx_word' id='word_1_89' title='bbox 1459 858 1618 929; x_wconf 90' lang='lat' dir='ltr'><strong>funderent,</strong></span> <span class='ocrx_word' id='word_1_90' title='bbox 1635 867 1667 918; x_wconf 90' lang='lat' dir='ltr'><strong>ut</strong></span> <span class='ocrx_word' id='word_1_91' title='bbox 1689 862 1802 922; x_wconf 83' lang='lat' dir='ltr'><strong>stabiles</strong></span> <span class='ocrx_word' id='word_1_92' title='bbox 1820 878 1920 928; x_wconf 87' lang='lat' dir='ltr'><strong>essent.</strong></span> 
     </span>
     <span class='ocr_line' id='line_1_8' title="bbox 270 941 1921 1031; baseline 0.002 -23"><span class='ocrx_word' id='word_1_93' title='bbox 270 950 369 1008; x_wconf 89' lang='lat' dir='ltr'><strong>dicunt</strong></span> <span class='ocrx_word' id='word_1_94' title='bbox 389 947 423 1004; x_wconf 90' lang='lat' dir='ltr'><strong>ab</strong></span> <span class='ocrx_word' id='word_1_95' title='bbox 446 947 504 1015; x_wconf 91' lang='lat' dir='ltr'><strong>eis;</strong></span> <span class='ocrx_word' id='word_1_96' title='bbox 529 943 649 1006; x_wconf 87' lang='lat' dir='ltr'><strong>charitas</strong></span> <span class='ocrx_word' id='word_1_97' title='bbox 670 945 744 1002; x_wconf 89' lang='lat' dir='ltr'><strong>enim</strong></span> <span class='ocrx_word' id='word_1_98' title='bbox 765 960 820 1001; x_wconf 91' lang='lat' dir='ltr'><strong>non</strong></span> <span class='ocrx_word' id='word_1_99' title='bbox 844 943 990 1014; x_wconf 91' lang='lat' dir='ltr'><strong>dividitur,</strong></span> <span class='ocrx_word' id='word_1_100' title='bbox 1017 962 1068 1004; x_wconf 91' lang='lat' dir='ltr'><strong>nec</strong></span> <span class='ocrx_word' id='word_1_101' title='bbox 1121 941 1208 1012; x_wconf 84' lang='lat' dir='ltr'><strong>Quam</strong></span> <span class='ocrx_word' id='word_1_102' title='bbox 1242 944 1458 1018; x_wconf 77' lang='lat' dir='ltr'><strong>persecutionem</strong></span> <span class='ocrx_word' id='word_1_103' title='bbox 1492 949 1596 1009; x_wconf 92' lang='lat' dir='ltr'><strong>idcirco</strong></span> <span class='ocrx_word' id='word_1_104' title='bbox 1629 968 1657 1008; x_wconf 90' lang='lat' dir='ltr'><strong>se</strong></span> <span class='ocrx_word' id='word_1_105' title='bbox 1688 969 1815 1028; x_wconf 87' lang='lat' dir='ltr'><strong>passuros</strong></span> <span class='ocrx_word' id='word_1_106' title='bbox 1847 976 1921 1031; x_wconf 70' lang='lat' dir='ltr'><strong>prs·</strong></span> 
     </span>
     <span class='ocr_line' id='line_1_9' title="bbox 269 1033 1921 1123; baseline 0.003 -27"><span class='ocrx_word' id='word_1_107' title='bbox 269 1045 410 1112; x_wconf 87' lang='lat' dir='ltr'><strong>separatur</strong></span> <span class='ocrx_word' id='word_1_108' title='bbox 438 1055 444 1094; x_wconf 91' lang='lat'>:</span> <span class='ocrx_word' id='word_1_109' title='bbox 476 1036 524 1094; x_wconf 86' lang='lat' dir='ltr'><strong>scd</strong></span> <span class='ocrx_word' id='word_1_110' title='bbox 551 1044 663 1109; x_wconf 92' lang='lat' dir='ltr'><strong>propter</strong></span> <span class='ocrx_word' id='word_1_111' title='bbox 688 1033 818 1108; x_wconf 88' lang='lat' dir='ltr'><strong>majorem</strong></span> <span class='ocrx_word' id='word_1_112' title='bbox 855 1034 1066 1092; x_wconf 81' lang='lat' dir='ltr'><strong>instructionem</strong></span> <span class='ocrx_word' id='word_1_113' title='bbox 1121 1033 1291 1106; x_wconf 83' lang='lat' dir='ltr'><strong>dicaverant,</strong></span> <span class='ocrx_word' id='word_1_114' title='bbox 1320 1045 1352 1094; x_wconf 92' lang='lat' dir='ltr'><strong>ut</strong></span> <span class='ocrx_word' id='word_1_115' title='bbox 1379 1055 1427 1114; x_wconf 92' lang='lat' dir='ltr'><strong>per</strong></span> <span class='ocrx_word' id='word_1_116' title='bbox 1454 1039 1483 1097; x_wconf 95' lang='lat' dir='ltr'><strong>id</strong></span> <span class='ocrx_word' id='word_1_117' title='bbox 1508 1041 1582 1114; x_wconf 87' lang='lat' dir='ltr'><strong>quod</strong></span> <span class='ocrx_word' id='word_1_118' title='bbox 1609 1044 1808 1116; x_wconf 76' lang='lat' dir='ltr'><strong>praescientiam</strong></span> <span class='ocrx_word' id='word_1_119' title='bbox 1838 1048 1921 1123; x_wconf 75' lang='lat' dir='ltr'><strong>hujus</strong></span> 
     </span>
     <span class='ocr_line' id='line_1_10' title="bbox 267 1123 1920 1213; baseline 0.004 -27"><span class='ocrx_word' id='word_1_120' title='bbox 267 1129 351 1186; x_wconf 90' lang='lat' dir='ltr'><strong>etiam</strong></span> <span class='ocrx_word' id='word_1_121' title='bbox 376 1125 475 1188; x_wconf 84' lang='lat' dir='ltr'><strong>faciem</strong></span> <span class='ocrx_word' id='word_1_122' title='bbox 501 1142 597 1184; x_wconf 90' lang='lat' dir='ltr'><strong>eorum</strong></span> <span class='ocrx_word' id='word_1_123' title='bbox 615 1141 715 1198; x_wconf 87' lang='lat' dir='ltr'><strong>cupere</strong></span> <span class='ocrx_word' id='word_1_124' title='bbox 742 1124 891 1183; x_wconf 85' lang='lat' dir='ltr'><strong>sedicunt</strong></span> <span class='ocrx_word' id='word_1_125' title='bbox 915 1123 1067 1181; x_wconf 78' lang='lat' dir='ltr'><strong>viderem</strong></span> <span class='ocrx_word' id='word_1_126' title='bbox 1121 1123 1161 1180; x_wconf 91' lang='lat' dir='ltr'><strong>rei</strong></span> <span class='ocrx_word' id='word_1_127' title='bbox 1185 1123 1285 1183; x_wconf 88' lang='lat' dir='ltr'><strong>habere</strong></span> <span class='ocrx_word' id='word_1_128' title='bbox 1308 1144 1336 1184; x_wconf 89' lang='lat' dir='ltr'><strong>se</strong></span> <span class='ocrx_word' id='word_1_129' title='bbox 1364 1136 1600 1202; x_wconf 86' lang='lat' dir='ltr'><strong>protestarentur,</strong></span> <span class='ocrx_word' id='word_1_130' title='bbox 1631 1149 1708 1205; x_wconf 89' lang='lat' dir='ltr'><strong>posse</strong></span> <span class='ocrx_word' id='word_1_131' title='bbox 1742 1152 1770 1192; x_wconf 92' lang='lat' dir='ltr'><strong>se</strong></span> <span class='ocrx_word' id='word_1_132' title='bbox 1802 1137 1920 1213; x_wconf 86' lang='lat' dir='ltr'><strong>efiugere</strong></span> 
     </span>
     <span class='ocr_line' id='line_1_11' title="bbox 267 1215 1921 1305; baseline 0.004 -28"><span class='ocrx_word' id='word_1_133' title='bbox 267 1219 349 1277; x_wconf 90' lang='lat' dir='ltr'><strong>rebus</strong></span> <span class='ocrx_word' id='word_1_134' title='bbox 363 1215 1065 1289; x_wconf 87' lang='lat' dir='ltr'><strong>enimdivinisdefrciuntarticuiicomprehendere,</strong></span> <span class='ocrx_word' id='word_1_135' title='bbox 1120 1221 1147 1269; x_wconf 90' lang='lat' dir='ltr'><strong>et</strong></span> <span class='ocrx_word' id='word_1_136' title='bbox 1175 1215 1313 1273; x_wconf 90' lang='lat' dir='ltr'><strong>declinare</strong></span> <span class='ocrx_word' id='word_1_137' title='bbox 1336 1216 1386 1274; x_wconf 88' lang='lat' dir='ltr'><strong>bas</strong></span> <span class='ocrx_word' id='word_1_138' title='bbox 1409 1218 1525 1291; x_wconf 86' lang='lat' dir='ltr'><strong>injurias</strong></span> <span class='ocrx_word' id='word_1_139' title='bbox 1553 1221 1736 1296; x_wconf 88' lang='lat' dir='ltr'><strong>approbarent</strong></span> <span class='ocrx_word' id='word_1_140' title='bbox 1762 1243 1769 1284; x_wconf 89' lang='lat'>:</span> <span class='ocrx_word' id='word_1_141' title='bbox 1794 1228 1842 1286; x_wconf 89' lang='lat' dir='ltr'><strong>sed</strong></span> <span class='ocrx_word' id='word_1_142' title='bbox 1856 1231 1921 1305; x_wconf 83' lang='lat' dir='ltr'><strong>quia</strong></span> 
     </span>
     <span class='ocr_line' id='line_1_12' title="bbox 266 1306 1920 1387; baseline 0.002 -17"><span class='ocrx_word' id='word_1_143' title='bbox 266 1327 329 1387; x_wconf 75' lang='lat' dir='ltr'><strong>que</strong></span> <span class='ocrx_word' id='word_1_144' title='bbox 341 1317 457 1386; x_wconf 89' lang='lat' dir='ltr'><strong>possunt</strong></span> <span class='ocrx_word' id='word_1_145' title='bbox 469 1309 545 1378; x_wconf 91' lang='lat' dir='ltr'><strong>dici;</strong></span> <span class='ocrx_word' id='word_1_146' title='bbox 564 1324 615 1365; x_wconf 90' lang='lat' dir='ltr'><strong>uec</strong></span> <span class='ocrx_word' id='word_1_147' title='bbox 637 1306 711 1364; x_wconf 90' lang='lat' dir='ltr'><strong>enim</strong></span> <span class='ocrx_word' id='word_1_148' title='bbox 730 1306 833 1364; x_wconf 88' lang='lat' dir='ltr'><strong>sufficit</strong></span> <span class='ocrx_word' id='word_1_149' title='bbox 845 1306 905 1364; x_wconf 89' lang='lat' dir='ltr'><strong>dies</strong></span> <span class='ocrx_word' id='word_1_150' title='bbox 926 1307 999 1380; x_wconf 87' lang='lat' dir='ltr'><strong>stylo</strong></span> <span class='ocrx_word' id='word_1_151' title='bbox 1022 1307 1066 1365; x_wconf 90' lang='lat' dir='ltr'><strong>his</strong></span> <span class='ocrx_word' id='word_1_152' title='bbox 1120 1319 1181 1376; x_wconf 89' lang='lat' dir='ltr'><strong>spes</strong></span> <span class='ocrx_word' id='word_1_153' title='bbox 1204 1322 1302 1380; x_wconf 90' lang='lat' dir='ltr'><strong>magna</strong></span> <span class='ocrx_word' id='word_1_154' title='bbox 1322 1307 1352 1365; x_wconf 95' lang='lat' dir='ltr'><strong>in</strong></span> <span class='ocrx_word' id='word_1_155' title='bbox 1372 1306 1416 1365; x_wconf 92' lang='lat' dir='ltr'><strong>his</strong></span> <span class='ocrx_word' id='word_1_156' title='bbox 1438 1316 1490 1379; x_wconf 87' lang='lat' dir='ltr'><strong>est,</strong></span> <span class='ocrx_word' id='word_1_157' title='bbox 1511 1309 1574 1368; x_wconf 90' lang='lat' dir='ltr'><strong>ideo</strong></span> <span class='ocrx_word' id='word_1_158' title='bbox 1593 1311 1662 1370; x_wconf 91' lang='lat' dir='ltr'><strong>dicit</strong></span> <span class='ocrx_word' id='word_1_159' title='bbox 1688 1313 1780 1376; x_wconf 86' lang='lat' dir='ltr'><strong>illatas</strong></span> <span class='ocrx_word' id='word_1_160' title='bbox 1807 1318 1920 1382; x_wconf 83' lang='lat' dir='ltr'><strong>sufferre</strong></span> 
     </span>
     <span class='ocr_line' id='line_1_13' title="bbox 266 1393 1374 1476; baseline -0.004 -14"><span class='ocrx_word' id='word_1_161' title='bbox 266 1418 327 1476; x_wconf 76' lang='lat' dir='ltr'><strong>quae</strong></span> <span class='ocrx_word' id='word_1_162' title='bbox 337 1417 394 1460; x_wconf 90' lang='lat' dir='ltr'><strong>una</strong></span> <span class='ocrx_word' id='word_1_163' title='bbox 407 1399 475 1457; x_wconf 90' lang='lat' dir='ltr'><strong>hora</strong></span> <span class='ocrx_word' id='word_1_164' title='bbox 490 1405 605 1473; x_wconf 91' lang='lat' dir='ltr'><strong>possunt</strong></span> <span class='ocrx_word' id='word_1_165' title='bbox 617 1397 741 1470; x_wconf 92' lang='lat' dir='ltr'><strong>depromi</strong></span> <span class='ocrx_word' id='word_1_166' title='bbox 753 1415 760 1465; x_wconf 89' lang='lat'>;</span> <span class='ocrx_word' id='word_1_167' title='bbox 776 1403 875 1453; x_wconf 91' lang='lat' dir='ltr'><strong>utnon</strong></span> <span class='ocrx_word' id='word_1_168' title='bbox 890 1395 979 1454; x_wconf 92' lang='lat' dir='ltr'><strong>dicam</strong></span> <span class='ocrx_word' id='word_1_169' title='bbox 993 1413 1065 1471; x_wconf 77' lang='lat' dir='ltr'><strong>quas·</strong></span> <span class='ocrx_word' id='word_1_170' title='bbox 1120 1393 1231 1466; x_wconf 86' lang='lat' dir='ltr'><strong>quidem</strong></span> <span class='ocrx_word' id='word_1_171' title='bbox 1247 1398 1374 1458; x_wconf 84' lang='lat' dir='ltr'><strong>libenter.</strong></span> 
     </span>
     <span class='ocr_line' id='line_1_14' title="bbox 266 1487 1918 1586; baseline 0.012 -37"><span class='ocrx_word' id='word_1_172' title='bbox 266 1490 329 1549; x_wconf 92' lang='lat' dir='ltr'><strong>dam</strong></span> <span class='ocrx_word' id='word_1_173' title='bbox 362 1505 420 1548; x_wconf 89' lang='lat' dir='ltr'><strong>csse</strong></span> <span class='ocrx_word' id='word_1_174' title='bbox 446 1488 565 1562; x_wconf 89' lang='lat' dir='ltr'><strong>mystica</strong></span> <span class='ocrx_word' id='word_1_175' title='bbox 584 1487 726 1561; x_wconf 90' lang='lat' dir='ltr'><strong>religionis</strong></span> <span class='ocrx_word' id='word_1_176' title='bbox 746 1493 856 1556; x_wconf 73' lang='lat' dir='ltr'><strong>nostra,</strong></span> <span class='ocrx_word' id='word_1_177' title='bbox 872 1503 932 1560; x_wconf 77' lang='lat' dir='ltr'><strong>quas</strong></span> <span class='ocrx_word' id='word_1_178' title='bbox 954 1495 1066 1561; x_wconf 80' lang='lat' dir='ltr'><strong>propter</strong></span> <span class='ocrx_word' id='word_1_179' title='bbox 1157 1493 1248 1565; x_wconf 88' lang='lat' dir='ltr'><strong>(Vera.</strong></span> <span class='ocrx_word' id='word_1_180' title='bbox 1272 1495 1314 1568; x_wconf 83' lang='lat'><strong>5.)</strong></span> <span class='ocrx_word' id='word_1_181' title='bbox 1337 1497 1426 1556; x_wconf 76' lang='lat' dir='ltr'><strong>‹ldec</strong></span> <span class='ocrx_word' id='word_1_182' title='bbox 1443 1507 1471 1557; x_wconf 93' lang='lat' dir='ltr'><strong>et</strong></span> <span class='ocrx_word' id='word_1_183' title='bbox 1494 1517 1545 1575; x_wconf 89' lang='lat' dir='ltr'><strong>ego</strong></span> <span class='ocrx_word' id='word_1_184' title='bbox 1570 1518 1626 1560; x_wconf 90' lang='lat' dir='ltr'><strong>non</strong></span> <span class='ocrx_word' id='word_1_185' title='bbox 1649 1505 1768 1580; x_wconf 88' lang='lat' dir='ltr'><strong>amplius</strong></span> <span class='ocrx_word' id='word_1_186' title='bbox 1786 1509 1918 1586; x_wconf 86' lang='lat' dir='ltr'><strong>tolerans,</strong></span> 
     </span>
     <span class='ocr_line' id='line_1_15' title="bbox 265 1575 1920 1677; baseline 0.01 -40"><span class='ocrx_word' id='word_1_187' title='bbox 265 1581 389 1638; x_wconf 89' lang='lat' dir='ltr'><strong>carnales</strong></span> <span class='ocrx_word' id='word_1_188' title='bbox 415 1593 521 1650; x_wconf 78' lang='lat' dir='ltr'><strong>senem,</strong></span> <span class='ocrx_word' id='word_1_189' title='bbox 550 1593 585 1635; x_wconf 89' lang='lat' dir='ltr'><strong>ne</strong></span> <span class='ocrx_word' id='word_1_190' title='bbox 607 1577 768 1636; x_wconf 87' lang='lat' dir='ltr'><strong>scandalum</strong></span> <span class='ocrx_word' id='word_1_191' title='bbox 795 1575 957 1650; x_wconf 89' lang='lat' dir='ltr'><strong>patiantur,</strong></span> <span class='ocrx_word' id='word_1_192' title='bbox 984 1577 1065 1636; x_wconf 92' lang='lat' dir='ltr'><strong>facile</strong></span> <span class='ocrx_word' id='word_1_193' title='bbox 1119 1581 1183 1640; x_wconf 91' lang='lat' dir='ltr'><strong>misi</strong></span> <span class='ocrx_word' id='word_1_194' title='bbox 1197 1583 1232 1640; x_wconf 91' lang='lat' dir='ltr'><strong>ad</strong></span> <span class='ocrx_word' id='word_1_195' title='bbox 1247 1583 1299 1642; x_wconf 91' lang='lat' dir='ltr'><strong>hoe</strong></span> <span class='ocrx_word' id='word_1_196' title='bbox 1312 1593 1343 1642; x_wconf 91' lang='lat' dir='ltr'><strong>ut</strong></span> <span class='ocrx_word' id='word_1_197' title='bbox 1358 1604 1553 1662; x_wconf 74' lang='lat' dir='ltr'><strong>cognoscerem</strong></span> <span class='ocrx_word' id='word_1_198' title='bbox 1568 1591 1652 1651; x_wconf 86' lang='lat' dir='ltr'><strong>fidem</strong></span> <span class='ocrx_word' id='word_1_199' title='bbox 1668 1603 1799 1670; x_wconf 87' lang='lat' dir='ltr'><strong>vestram,</strong></span> <span class='ocrx_word' id='word_1_200' title='bbox 1814 1615 1850 1658; x_wconf 89' lang='lat' dir='ltr'><strong>ue</strong></span> <span class='ocrx_word' id='word_1_201' title='bbox 1863 1619 1920 1677; x_wconf 80' lang='lat' dir='ltr'><strong>quo</strong></span> 
     </span>
     <span class='ocr_line' id='line_1_16' title="bbox 265 1666 1920 1756; baseline 0.01 -27"><span class='ocrx_word' id='word_1_202' title='bbox 265 1669 402 1743; x_wconf 88' lang='lat' dir='ltr'><strong>publicari</strong></span> <span class='ocrx_word' id='word_1_203' title='bbox 420 1685 476 1726; x_wconf 91' lang='lat' dir='ltr'><strong>non</strong></span> <span class='ocrx_word' id='word_1_204' title='bbox 491 1667 608 1726; x_wconf 91' lang='lat' dir='ltr'><strong>debeant</strong></span> <span class='ocrx_word' id='word_1_205' title='bbox 628 1667 715 1740; x_wconf 89' lang='lat' dir='ltr'><strong>:quia</strong></span> <span class='ocrx_word' id='word_1_206' title='bbox 734 1681 790 1724; x_wconf 93' lang='lat' dir='ltr'><strong>non</strong></span> <span class='ocrx_word' id='word_1_207' title='bbox 805 1666 934 1724; x_wconf 87' lang='lat' dir='ltr'><strong>omnibus</strong></span> <span class='ocrx_word' id='word_1_208' title='bbox 948 1667 1066 1725; x_wconf 87' lang='lat' dir='ltr'><strong>dicenda</strong></span> <span class='ocrx_word' id='word_1_209' title='bbox 1118 1671 1201 1730; x_wconf 89' lang='lat' dir='ltr'><strong>modo</strong></span> <span class='ocrx_word' id='word_1_210' title='bbox 1215 1677 1394 1734; x_wconf 84' lang='lat' dir='ltr'><strong>attentaverit</strong></span> <span class='ocrx_word' id='word_1_211' title='bbox 1418 1695 1467 1738; x_wconf 86' lang='lat' dir='ltr'><strong>vos</strong></span> <span class='ocrx_word' id='word_1_212' title='bbox 1482 1680 1529 1738; x_wconf 91' lang='lat' dir='ltr'><strong>ille</strong></span> <span class='ocrx_word' id='word_1_213' title='bbox 1554 1689 1684 1756; x_wconf 85' lang='lat' dir='ltr'><strong>tentator,</strong></span> <span class='ocrx_word' id='word_1_214' title='bbox 1700 1693 1728 1742; x_wconf 91' lang='lat' dir='ltr'><strong>et</strong></span> <span class='ocrx_word' id='word_1_215' title='bbox 1751 1687 1843 1747; x_wconf 89' lang='lat' dir='ltr'><strong>inanis</strong></span> <span class='ocrx_word' id='word_1_216' title='bbox 1871 1691 1920 1751; x_wconf 81' lang='lat' dir='ltr'><strong>fiat</strong></span> 
     </span>
     <span class='ocr_line' id='line_1_17' title="bbox 264 1756 1917 1856; baseline 0.013 -40"><span class='ocrx_word' id='word_1_217' title='bbox 264 1765 330 1816; x_wconf 89' lang='lat' dir='ltr'><strong>sunt</strong></span> <span class='ocrx_word' id='word_1_218' title='bbox 339 1759 443 1828; x_wconf 88' lang='lat' dir='ltr'><strong>omnia,</strong></span> <span class='ocrx_word' id='word_1_219' title='bbox 454 1757 501 1816; x_wconf 91' lang='lat' dir='ltr'><strong>sed</strong></span> <span class='ocrx_word' id='word_1_220' title='bbox 512 1773 561 1832; x_wconf 92' lang='lat' dir='ltr'><strong>prc</strong></span> <span class='ocrx_word' id='word_1_221' title='bbox 571 1757 789 1831; x_wconf 82' lang='lat' dir='ltr'><strong>uniuscujusque</strong></span> <span class='ocrx_word' id='word_1_222' title='bbox 799 1764 882 1830; x_wconf 88' lang='lat' dir='ltr'><strong>captu</strong></span> <span class='ocrx_word' id='word_1_223' title='bbox 894 1756 1062 1817; x_wconf 92' lang='lat' dir='ltr'><strong>moderanda</strong></span> <span class='ocrx_word' id='word_1_224' title='bbox 1077 1775 1101 1836; x_wconf 79' lang='grc' dir='ltr'>Β</span> <span class='ocrx_word' id='word_1_225' title='bbox 1119 1761 1196 1819; x_wconf 91' lang='lat' dir='ltr'><strong>labor</strong></span> <span class='ocrx_word' id='word_1_226' title='bbox 1226 1773 1352 1823; x_wconf 81' lang='lat' dir='ltr'><strong>vester.»</strong></span> <span class='ocrx_word' id='word_1_227' title='bbox 1382 1769 1459 1828; x_wconf 87' lang='lat' dir='ltr'><strong>Istud</strong></span> <span class='ocrx_word' id='word_1_228' title='bbox 1483 1780 1594 1845; x_wconf 86' lang='lat' dir='ltr'><strong>propter</strong></span> <span class='ocrx_word' id='word_1_229' title='bbox 1621 1775 1754 1848; x_wconf 83' lang='lat' dir='ltr'><strong>quosdam</strong></span> <span class='ocrx_word' id='word_1_230' title='bbox 1780 1779 1849 1838; x_wconf 91' lang='lat' dir='ltr'><strong>dicit</strong></span> <span class='ocrx_word' id='word_1_231' title='bbox 1868 1783 1917 1856; x_wconf 83' lang='lat' dir='ltr'><strong>qui</strong></span> 
     </span>
     <span class='ocr_line' id='line_1_18' title="bbox 264 1845 1919 1942; baseline 0.013 -36"><span class='ocrx_word' id='word_1_232' title='bbox 264 1855 330 1906; x_wconf 89' lang='lat' dir='ltr'><strong>sunt</strong></span> <span class='ocrx_word' id='word_1_233' title='bbox 352 1849 435 1917; x_wconf 89' lang='lat' dir='ltr'><strong>dicta,</strong></span> <span class='ocrx_word' id='word_1_234' title='bbox 459 1848 541 1906; x_wconf 90' lang='lat' dir='ltr'><strong>aliter</strong></span> <span class='ocrx_word' id='word_1_235' title='bbox 567 1845 693 1916; x_wconf 91' lang='lat' dir='ltr'><strong>rudibus,</strong></span> <span class='ocrx_word' id='word_1_236' title='bbox 712 1847 792 1906; x_wconf 88' lang='lat' dir='ltr'><strong>aliter</strong></span> <span class='ocrx_word' id='word_1_237' title='bbox 804 1846 938 1907; x_wconf 87' lang='lat' dir='ltr'><strong>fundatis.</strong></span> <span class='ocrx_word' id='word_1_238' title='bbox 957 1847 1065 1912; x_wconf 84' lang='lat' dir='ltr'><strong>idcirce</strong></span> <span class='ocrx_word' id='word_1_239' title='bbox 1118 1859 1229 1924; x_wconf 88' lang='lat' dir='ltr'><strong>possent</strong></span> <span class='ocrx_word' id='word_1_240' title='bbox 1243 1855 1337 1912; x_wconf 90' lang='lat' dir='ltr'><strong>seduci</strong></span> <span class='ocrx_word' id='word_1_241' title='bbox 1351 1859 1453 1914; x_wconf 91' lang='lat' dir='ltr'><strong>astutia</strong></span> <span class='ocrx_word' id='word_1_242' title='bbox 1466 1859 1583 1932; x_wconf 82' lang='lat' dir='ltr'><strong>Satanae,</strong></span> <span class='ocrx_word' id='word_1_243' title='bbox 1603 1863 1668 1937; x_wconf 87' lang='lat' dir='ltr'><strong>quia</strong></span> <span class='ocrx_word' id='word_1_244' title='bbox 1691 1864 1721 1923; x_wconf 91' lang='lat' dir='ltr'><strong>in</strong></span> <span class='ocrx_word' id='word_1_245' title='bbox 1743 1868 1819 1925; x_wconf 85' lang='lat' dir='ltr'><strong>omui</strong></span> <span class='ocrx_word' id='word_1_246' title='bbox 1838 1870 1919 1942; x_wconf 87' lang='lat' dir='ltr'><strong>plebe</strong></span> 
     </span>
     <span class='ocr_line' id='line_1_19' title="bbox 262 1937 1919 2025; baseline 0.01 -31"><span class='ocrx_word' id='word_1_247' title='bbox 262 1939 409 2012; x_wconf 78' lang='lat' dir='ltr'><strong>prasentia</strong></span> <span class='ocrx_word' id='word_1_248' title='bbox 434 1937 559 2012; x_wconf 89' lang='lat' dir='ltr'><strong>corporis</strong></span> <span class='ocrx_word' id='word_1_249' title='bbox 573 1937 743 2012; x_wconf 84' lang='lat' dir='ltr'><strong>requiritur;</strong></span> <span class='ocrx_word' id='word_1_250' title='bbox 767 1937 833 2012; x_wconf 89' lang='lat' dir='ltr'><strong>quia</strong></span> <span class='ocrx_word' id='word_1_251' title='bbox 859 1938 899 1997; x_wconf 92' lang='lat' dir='ltr'><strong>sic</strong></span> <span class='ocrx_word' id='word_1_252' title='bbox 921 1941 1065 2013; x_wconf 88' lang='lat' dir='ltr'><strong>perficitur</strong></span> <span class='ocrx_word' id='word_1_253' title='bbox 1118 1948 1159 1998; x_wconf 93' lang='lat' dir='ltr'><strong>est</strong></span> <span class='ocrx_word' id='word_1_254' title='bbox 1173 1958 1236 2016; x_wconf 91' lang='lat' dir='ltr'><strong>pars</strong></span> <span class='ocrx_word' id='word_1_255' title='bbox 1248 1943 1329 2002; x_wconf 90' lang='lat' dir='ltr'><strong>firma</strong></span> <span class='ocrx_word' id='word_1_256' title='bbox 1350 1954 1378 2003; x_wconf 92' lang='lat' dir='ltr'><strong>et</strong></span> <span class='ocrx_word' id='word_1_257' title='bbox 1400 1946 1521 2021; x_wconf 86' lang='lat' dir='ltr'><strong>infirma,</strong></span> <span class='ocrx_word' id='word_1_258' title='bbox 1535 1967 1652 2025; x_wconf 86' lang='lat' dir='ltr'><strong>quorum</strong></span> <span class='ocrx_word' id='word_1_259' title='bbox 1676 1971 1758 2014; x_wconf 86' lang='lat' dir='ltr'><strong>causa</strong></span> <span class='ocrx_word' id='word_1_260' title='bbox 1781 1958 1919 2018; x_wconf 71' lang='lat' dir='ltr'><strong>sollicitus</strong></span> 
     </span>
    </p>
   </div>
   <div class='ocr_carea' id='block_1_3' title="bbox 260 2028 1064 2550">
    <p class='ocr_par' dir='ltr' id='par_1_3' title="bbox 260 2028 1064 2550">
     <span class='ocr_line' id='line_1_20' title="bbox 263 2028 1064 2098; baseline 0.006 -13"><span class='ocrx_word' id='word_1_261' title='bbox 263 2029 366 2087; x_wconf 86' lang='lat' dir='ltr'><strong>veritas</strong></span> <span class='ocrx_word' id='word_1_262' title='bbox 379 2029 532 2088; x_wconf 88' lang='lat' dir='ltr'><strong>charitatis.</strong></span> <span class='ocrx_word' id='word_1_263' title='bbox 544 2028 678 2098; x_wconf 84' lang='lat' dir='ltr'><strong>Quamvis</strong></span> <span class='ocrx_word' id='word_1_264' title='bbox 693 2029 768 2086; x_wconf 89' lang='lat' dir='ltr'><strong>enirn</strong></span> <span class='ocrx_word' id='word_1_265' title='bbox 787 2029 907 2087; x_wconf 89' lang='lat' dir='ltr'><strong>charitas</strong></span> <span class='ocrx_word' id='word_1_266' title='bbox 921 2047 977 2087; x_wconf 90' lang='lat' dir='ltr'><strong>non</strong></span> <span class='ocrx_word' id='word_1_267' title='bbox 992 2032 1064 2090; x_wconf 88' lang='lat' dir='ltr'><strong>divi·</strong></span> 
     </span>
     <span class='ocr_line' id='line_1_21' title="bbox 263 2118 1061 2196; baseline 0.009 -19"><span class='ocrx_word' id='word_1_268' title='bbox 263 2118 354 2190; x_wconf 87' lang='lat' dir='ltr'><strong>datur,</strong></span> <span class='ocrx_word' id='word_1_269' title='bbox 370 2119 538 2178; x_wconf 89' lang='lat' dir='ltr'><strong>desiderium</strong></span> <span class='ocrx_word' id='word_1_270' title='bbox 562 2126 655 2176; x_wconf 73' lang='lat' dir='ltr'><strong>muron</strong></span> <span class='ocrx_word' id='word_1_271' title='bbox 677 2118 744 2178; x_wconf 89' lang='lat' dir='ltr'><strong>facit</strong></span> <span class='ocrx_word' id='word_1_272' title='bbox 765 2118 890 2178; x_wconf 88' lang='lat' dir='ltr'><strong>absentia</strong></span> <span class='ocrx_word' id='word_1_273' title='bbox 915 2123 1061 2196; x_wconf 90' lang='lat' dir='ltr'><strong>corporis:</strong></span> 
     </span>
     <span class='ocr_line' id='line_1_22' title="bbox 262 2207 1063 2284; baseline 0.004 -19"><span class='ocrx_word' id='word_1_274' title='bbox 262 2207 381 2282; x_wconf 90' lang='lat' dir='ltr'><strong>denique</strong></span> <span class='ocrx_word' id='word_1_275' title='bbox 408 2207 504 2266; x_wconf 89' lang='lat' dir='ltr'><strong>osculo</strong></span> <span class='ocrx_word' id='word_1_276' title='bbox 533 2216 561 2264; x_wconf 89' lang='lat' dir='ltr'><strong>et</strong></span> <span class='ocrx_word' id='word_1_277' title='bbox 587 2207 717 2282; x_wconf 82' lang='lat' dir='ltr'><strong>amplexu</strong></span> <span class='ocrx_word' id='word_1_278' title='bbox 748 2208 905 2266; x_wconf 89' lang='lat' dir='ltr'><strong>animorum</strong></span> <span class='ocrx_word' id='word_1_279' title='bbox 937 2212 1063 2284; x_wconf 81' lang='lat' dir='ltr'><strong>expletur</strong></span> 
     </span>
     <span class='ocr_line' id='line_1_23' title="bbox 262 2295 1063 2371; baseline 0.01 -20"><span class='ocrx_word' id='word_1_280' title='bbox 262 2298 399 2354; x_wconf 87' lang='lat' dir='ltr'><strong>voluntas.</strong></span> <span class='ocrx_word' id='word_1_281' title='bbox 416 2296 468 2355; x_wconf 85' lang='lat' dir='ltr'><strong>Cui</strong></span> <span class='ocrx_word' id='word_1_282' title='bbox 485 2297 524 2354; x_wconf 87' lang='lat' dir='ltr'><strong>rei</strong></span> <span class='ocrx_word' id='word_1_283' title='bbox 548 2295 747 2371; x_wconf 92' lang='lat' dir='ltr'><strong>impedimento</strong></span> <span class='ocrx_word' id='word_1_284' title='bbox 763 2298 859 2356; x_wconf 88' lang='lat' dir='ltr'><strong>asserit</strong></span> <span class='ocrx_word' id='word_1_285' title='bbox 881 2299 966 2357; x_wconf 87' lang='lat' dir='ltr'><strong>fuisse</strong></span> <span class='ocrx_word' id='word_1_286' title='bbox 987 2301 1063 2359; x_wconf 83' lang='lat' dir='ltr'><strong>Sata·</strong></span> 
     </span>
     <span class='ocr_line' id='line_1_24' title="bbox 260 2386 1060 2462; baseline 0.008 -19"><span class='ocrx_word' id='word_1_287' title='bbox 260 2403 336 2455; x_wconf 89' lang='lat' dir='ltr'><strong>nam,</strong></span> <span class='ocrx_word' id='word_1_288' title='bbox 351 2386 400 2460; x_wconf 90' lang='lat' dir='ltr'><strong>qui</strong></span> <span class='ocrx_word' id='word_1_289' title='bbox 422 2387 506 2444; x_wconf 89' lang='lat' dir='ltr'><strong>etiam</strong></span> <span class='ocrx_word' id='word_1_290' title='bbox 533 2387 664 2460; x_wconf 90' lang='lat' dir='ltr'><strong>apostolis</strong></span> <span class='ocrx_word' id='word_1_291' title='bbox 687 2387 782 2445; x_wconf 90' lang='lat' dir='ltr'><strong>obvias</strong></span> <span class='ocrx_word' id='word_1_292' title='bbox 796 2405 894 2446; x_wconf 91' lang='lat' dir='ltr'><strong>manns</strong></span> <span class='ocrx_word' id='word_1_293' title='bbox 912 2389 1060 2462; x_wconf 87' lang='lat' dir='ltr'><strong>tendebat;</strong></span> 
     </span>
     <span class='ocr_line' id='line_1_25' title="bbox 260 2475 1060 2550; baseline 0.01 -19"><span class='ocrx_word' id='word_1_294' title='bbox 260 2491 296 2532; x_wconf 92' lang='lat' dir='ltr'><strong>ne</strong></span> <span class='ocrx_word' id='word_1_295' title='bbox 314 2475 440 2535; x_wconf 89' lang='lat' dir='ltr'><strong>veritatis</strong></span> <span class='ocrx_word' id='word_1_296' title='bbox 461 2475 531 2533; x_wconf 88' lang='lat' dir='ltr'><strong>ratio</strong></span> <span class='ocrx_word' id='word_1_297' title='bbox 556 2476 718 2534; x_wconf 90' lang='lat' dir='ltr'><strong>hominibus</strong></span> <span class='ocrx_word' id='word_1_298' title='bbox 731 2475 907 2550; x_wconf 90' lang='lat' dir='ltr'><strong>panderetur.</strong></span> <span class='ocrx_word' id='word_1_299' title='bbox 923 2479 1060 2538; x_wconf 81' lang='lat' dir='ltr'><strong>Accende-</strong></span> 
     </span>
    </p>
   </div>
   <div class='ocr_carea' id='block_1_4' title="bbox 1116 2033 1919 2379">
    <p class='ocr_par' dir='ltr' id='par_1_4' title="bbox 1116 2033 1919 2379">
     <span class='ocr_line' id='line_1_26' title="bbox 1117 2033 1918 2106; baseline 0.025 -22"><span class='ocrx_word' id='word_1_300' title='bbox 1117 2038 1187 2100; x_wconf 88' lang='lat' dir='ltr'><strong>erat,</strong></span> <span class='ocrx_word' id='word_1_301' title='bbox 1211 2047 1245 2088; x_wconf 95' lang='lat' dir='ltr'><strong>ne</strong></span> <span class='ocrx_word' id='word_1_302' title='bbox 1268 2033 1407 2094; x_wconf 89' lang='lat' dir='ltr'><strong>amitteret</strong></span> <span class='ocrx_word' id='word_1_303' title='bbox 1423 2035 1544 2095; x_wconf 91' lang='lat' dir='ltr'><strong>fructum</strong></span> <span class='ocrx_word' id='word_1_304' title='bbox 1567 2041 1741 2100; x_wconf 86' lang='lat' dir='ltr'><strong>credulitatis</strong></span> <span class='ocrx_word' id='word_1_305' title='bbox 1759 2061 1866 2104; x_wconf 87' lang='lat' dir='ltr'><strong>eorum.</strong></span> <span class='ocrx_word' id='word_1_306' title='bbox 1883 2049 1918 2106; x_wconf 83' lang='lat' dir='ltr'><strong>Et</strong></span> 
     </span>
     <span class='ocr_line' id='line_1_27' title="bbox 1118 2116 1918 2207; baseline 0.029 -35"><span class='ocrx_word' id='word_1_307' title='bbox 1118 2116 1183 2190; x_wconf 87' lang='lat' dir='ltr'><strong>quia</strong></span> <span class='ocrx_word' id='word_1_308' title='bbox 1196 2118 1302 2178; x_wconf 91' lang='lat' dir='ltr'><strong>diutius</strong></span> <span class='ocrx_word' id='word_1_309' title='bbox 1315 2139 1411 2196; x_wconf 89' lang='lat' dir='ltr'><strong>passus</strong></span> <span class='ocrx_word' id='word_1_310' title='bbox 1423 2142 1479 2184; x_wconf 92' lang='lat' dir='ltr'><strong>non</strong></span> <span class='ocrx_word' id='word_1_311' title='bbox 1502 2135 1543 2186; x_wconf 91' lang='lat' dir='ltr'><strong>est</strong></span> <span class='ocrx_word' id='word_1_312' title='bbox 1557 2129 1662 2188; x_wconf 90' lang='lat' dir='ltr'><strong>nescire</strong></span> <span class='ocrx_word' id='word_1_313' title='bbox 1685 2149 1713 2190; x_wconf 92' lang='lat' dir='ltr'><strong>se</strong></span> <span class='ocrx_word' id='word_1_314' title='bbox 1733 2134 1801 2207; x_wconf 91' lang='lat' dir='ltr'><strong>quid</strong></span> <span class='ocrx_word' id='word_1_315' title='bbox 1814 2138 1918 2196; x_wconf 87' lang='lat' dir='ltr'><strong>certius</strong></span> 
     </span>
     <span class='ocr_line' id='line_1_28' title="bbox 1116 2210 1919 2300; baseline 0.031 -38"><span class='ocrx_word' id='word_1_316' title='bbox 1116 2217 1241 2280; x_wconf 79' lang='lat' dir='ltr'><strong>ageretur</strong></span> <span class='ocrx_word' id='word_1_317' title='bbox 1255 2210 1328 2269; x_wconf 89' lang='lat' dir='ltr'><strong>circa</strong></span> <span class='ocrx_word' id='word_1_318' title='bbox 1348 2214 1422 2285; x_wconf 91' lang='lat' dir='ltr'><strong>iilos,</strong></span> <span class='ocrx_word' id='word_1_319' title='bbox 1438 2215 1515 2274; x_wconf 88' lang='lat' dir='ltr'><strong>misit</strong></span> <span class='ocrx_word' id='word_1_320' title='bbox 1532 2217 1710 2278; x_wconf 81' lang='lat' dir='ltr'><strong>Timotheum</strong></span> <span class='ocrx_word' id='word_1_321' title='bbox 1727 2223 1887 2300; x_wconf 84' lang='lat' dir='ltr'><strong>episcopum</strong></span> <span class='ocrx_word' id='word_1_322' title='bbox 1902 2245 1919 2287; x_wconf 89' lang='lat' dir='ltr'><strong>a</strong></span> 
     </span>
     <span class='ocr_line' id='line_1_29' title="bbox 1116 2308 1705 2379; baseline 0.029 -27"><span class='ocrx_word' id='word_1_323' title='bbox 1116 2312 1144 2353; x_wconf 92' lang='lat' dir='ltr'><strong>se</strong></span> <span class='ocrx_word' id='word_1_324' title='bbox 1158 2308 1291 2371; x_wconf 88' lang='lat' dir='ltr'><strong>creatum,</strong></span> <span class='ocrx_word' id='word_1_325' title='bbox 1306 2318 1386 2377; x_wconf 86' lang='lat' dir='ltr'><strong>aquo</strong></span> <span class='ocrx_word' id='word_1_326' title='bbox 1400 2313 1490 2379; x_wconf 86' lang='lat' dir='ltr'><strong>posset</strong></span> <span class='ocrx_word' id='word_1_327' title='bbox 1505 2316 1610 2366; x_wconf 90' lang='lat' dir='ltr'><strong>certum</strong></span> <span class='ocrx_word' id='word_1_328' title='bbox 1624 2310 1705 2368; x_wconf 89' lang='lat' dir='ltr'><strong>scire.</strong></span> 
     </span>
    </p>
   </div>
   <div class='ocr_carea' id='block_1_5' title="bbox 1115 2396 1918 2568">
    <p class='ocr_par' dir='ltr' id='par_1_5' title="bbox 1115 2396 1918 2568">
     <span class='ocr_line' id='line_1_30' title="bbox 1152 2396 1918 2478; baseline 0.033 -24"><span class='ocrx_word' id='word_1_329' title='bbox 1152 2396 1243 2468; x_wconf 82' lang='lat' dir='ltr'><strong>(Vere.</strong></span> <span class='ocrx_word' id='word_1_330' title='bbox 1274 2399 1301 2470; x_wconf 88' lang='lat'><strong>6,</strong></span> <span class='ocrx_word' id='word_1_331' title='bbox 1323 2402 1349 2470; x_wconf 88' lang='grc'><strong>7,</strong></span> <span class='ocrx_word' id='word_1_332' title='bbox 1376 2402 1418 2477; x_wconf 84' lang='grc'><strong>8.)</strong></span> <span class='ocrx_word' id='word_1_333' title='bbox 1450 2405 1563 2464; x_wconf 78' lang='lat' dir='ltr'><strong>«blodo</strong></span> <span class='ocrx_word' id='word_1_334' title='bbox 1586 2415 1677 2466; x_wconf 86' lang='lat' dir='ltr'><strong>entem</strong></span> <span class='ocrx_word' id='word_1_335' title='bbox 1705 2428 1768 2472; x_wconf 87' lang='lat' dir='ltr'><strong>cum</strong></span> <span class='ocrx_word' id='word_1_336' title='bbox 1795 2419 1918 2478; x_wconf 86' lang='lat' dir='ltr'><strong>venisset</strong></span> 
     </span>
     <span class='ocr_line' id='line_1_31' title="bbox 1115 2485 1918 2568; baseline 0.031 -26"><span class='ocrx_word' id='word_1_337' title='bbox 1115 2485 1278 2546; x_wconf 83' lang='lat' dir='ltr'><strong>Timotheus</strong></span> <span class='ocrx_word' id='word_1_338' title='bbox 1300 2489 1336 2547; x_wconf 88' lang='lat' dir='ltr'><strong>ad</strong></span> <span class='ocrx_word' id='word_1_339' title='bbox 1356 2507 1406 2549; x_wconf 90' lang='lat' dir='ltr'><strong>nos</strong></span> <span class='ocrx_word' id='word_1_340' title='bbox 1428 2493 1552 2566; x_wconf 89' lang='lat' dir='ltr'><strong>evehis,</strong></span> <span class='ocrx_word' id='word_1_341' title='bbox 1574 2505 1602 2556; x_wconf 90' lang='lat' dir='ltr'><strong>et</strong></span> <span class='ocrx_word' id='word_1_342' title='bbox 1623 2504 1816 2564; x_wconf 88' lang='lat' dir='ltr'><strong>annuntiasset</strong></span> <span class='ocrx_word' id='word_1_343' title='bbox 1835 2509 1918 2568; x_wconf 90' lang='lat' dir='ltr'><strong>nohis</strong></span> 
     </span>
    </p>
   </div>
   <div class='ocr_carea' id='block_1_6' title="bbox 259 2564 1061 2819">
    <p class='ocr_par' dir='ltr' id='par_1_6' title="bbox 259 2564 1061 2819">
     <span class='ocr_line' id='line_1_32' title="bbox 259 2564 1061 2638; baseline 0.009 -16"><span class='ocrx_word' id='word_1_344' title='bbox 259 2565 307 2622; x_wconf 91' lang='lat' dir='ltr'><strong>bat</strong></span> <span class='ocrx_word' id='word_1_345' title='bbox 328 2565 403 2622; x_wconf 89' lang='lat' dir='ltr'><strong>enim</strong></span> <span class='ocrx_word' id='word_1_346' title='bbox 427 2564 596 2638; x_wconf 87' lang='lat' dir='ltr'><strong>perfidorum</strong></span> <span class='ocrx_word' id='word_1_347' title='bbox 621 2574 736 2637; x_wconf 72' lang='lat' dir='ltr'><strong>menes,</strong></span> <span class='ocrx_word' id='word_1_348' title='bbox 748 2575 779 2623; x_wconf 90' lang='lat' dir='ltr'><strong>nt</strong></span> <span class='ocrx_word' id='word_1_349' title='bbox 793 2583 840 2624; x_wconf 92' lang='lat' dir='ltr'><strong>eos</strong></span> <span class='ocrx_word' id='word_1_350' title='bbox 852 2567 1015 2627; x_wconf 89' lang='lat' dir='ltr'><strong>verberibus</strong></span> <span class='ocrx_word' id='word_1_351' title='bbox 1028 2587 1061 2630; x_wconf 91' lang='lat' dir='ltr'><strong>ao</strong></span> 
     </span>
     <span class='ocr_line' id='line_1_33' title="bbox 259 2652 1058 2728; baseline 0.006 -16"><span class='ocrx_word' id='word_1_352' title='bbox 259 2654 381 2712; x_wconf 88' lang='lat' dir='ltr'><strong>vinculis</strong></span> <span class='ocrx_word' id='word_1_353' title='bbox 408 2652 581 2724; x_wconf 90' lang='lat' dir='ltr'><strong>detinerent;</strong></span> <span class='ocrx_word' id='word_1_354' title='bbox 600 2670 635 2710; x_wconf 90' lang='lat' dir='ltr'><strong>ne</strong></span> <span class='ocrx_word' id='word_1_355' title='bbox 657 2656 834 2728; x_wconf 78' lang='lat' dir='ltr'><strong>loquerentur</strong></span> <span class='ocrx_word' id='word_1_356' title='bbox 857 2657 972 2715; x_wconf 91' lang='lat' dir='ltr'><strong>verbum</strong></span> <span class='ocrx_word' id='word_1_357' title='bbox 997 2659 1058 2724; x_wconf 85' lang='lat' dir='ltr'><strong>Ilei.</strong></span> 
     </span>
     <span class='ocr_line' id='line_1_34' title="bbox 259 2743 1056 2819; baseline 0.008 -18"><span class='ocrx_word' id='word_1_358' title='bbox 259 2743 396 2802; x_wconf 84' lang='lat' dir='ltr'><strong>Dixemnt</strong></span> <span class='ocrx_word' id='word_1_359' title='bbox 437 2743 511 2800; x_wconf 92' lang='lat' dir='ltr'><strong>enim</strong></span> <span class='ocrx_word' id='word_1_360' title='bbox 549 2744 667 2818; x_wconf 86' lang='lat' dir='ltr'><strong>majores</strong></span> <span class='ocrx_word' id='word_1_361' title='bbox 698 2744 856 2803; x_wconf 86' lang='lat' dir='ltr'><strong>ludaeorum</strong></span> <span class='ocrx_word' id='word_1_362' title='bbox 892 2748 1023 2819; x_wconf 91' lang='lat' dir='ltr'><strong>apostolis</strong></span> <span class='ocrx_word' id='word_1_363' title='bbox 1050 2767 1056 2808; x_wconf 92' lang='lat'><strong>:</strong></span> 
     </span>
    </p>
   </div>
   <div class='ocr_carea' id='block_1_7' title="bbox 1114 2575 1918 2844">
    <p class='ocr_par' dir='ltr' id='par_1_7' title="bbox 1114 2575 1918 2844">
     <span class='ocr_line' id='line_1_35' title="bbox 1114 2575 1917 2666; baseline 0.036 -34"><span class='ocrx_word' id='word_1_364' title='bbox 1114 2575 1196 2634; x_wconf 84' lang='lat' dir='ltr'><strong>fidem</strong></span> <span class='ocrx_word' id='word_1_365' title='bbox 1213 2585 1240 2634; x_wconf 92' lang='lat' dir='ltr'><strong>et</strong></span> <span class='ocrx_word' id='word_1_366' title='bbox 1263 2579 1426 2640; x_wconf 89' lang='lat' dir='ltr'><strong>charitatem</strong></span> <span class='ocrx_word' id='word_1_367' title='bbox 1445 2593 1589 2646; x_wconf 87' lang='lat' dir='ltr'><strong>vestram:</strong></span> <span class='ocrx_word' id='word_1_368' title='bbox 1610 2599 1638 2650; x_wconf 92' lang='lat' dir='ltr'><strong>et</strong></span> <span class='ocrx_word' id='word_1_369' title='bbox 1657 2594 1786 2666; x_wconf 87' lang='lat' dir='ltr'><strong>quoniam</strong></span> <span class='ocrx_word' id='word_1_370' title='bbox 1811 2614 1917 2660; x_wconf 88' lang='lat' dir='ltr'><strong>meruc-</strong></span> 
     </span>
     <span class='ocr_line' id='line_1_36' title="bbox 1114 2666 1918 2757; baseline 0.036 -35"><span class='ocrx_word' id='word_1_371' title='bbox 1114 2666 1184 2724; x_wconf 90' lang='lat' dir='ltr'><strong>riam</strong></span> <span class='ocrx_word' id='word_1_372' title='bbox 1211 2669 1299 2725; x_wconf 89' lang='lat' dir='ltr'><strong>nostri</strong></span> <span class='ocrx_word' id='word_1_373' title='bbox 1329 2669 1438 2730; x_wconf 89' lang='lat' dir='ltr'><strong>habetis</strong></span> <span class='ocrx_word' id='word_1_374' title='bbox 1460 2674 1559 2734; x_wconf 90' lang='lat' dir='ltr'><strong>bonam</strong></span> <span class='ocrx_word' id='word_1_375' title='bbox 1589 2697 1705 2757; x_wconf 88' lang='lat' dir='ltr'><strong>semper,</strong></span> <span class='ocrx_word' id='word_1_376' title='bbox 1725 2685 1918 2750; x_wconf 78' lang='lat' dir='ltr'><strong>desiderantes</strong></span> 
     </span>
     <span class='ocr_line' id='line_1_37' title="bbox 1114 2757 1916 2844; baseline 0.031 -31"><span class='ocrx_word' id='word_1_377' title='bbox 1114 2772 1164 2814; x_wconf 88' lang='lat' dir='ltr'><strong>nos</strong></span> <span class='ocrx_word' id='word_1_378' title='bbox 1178 2757 1283 2829; x_wconf 90' lang='lat' dir='ltr'><strong>videre,</strong></span> <span class='ocrx_word' id='word_1_379' title='bbox 1298 2760 1370 2820; x_wconf 90' lang='lat' dir='ltr'><strong>sicut</strong></span> <span class='ocrx_word' id='word_1_380' title='bbox 1385 2771 1412 2820; x_wconf 93' lang='lat' dir='ltr'><strong>et</strong></span> <span class='ocrx_word' id='word_1_381' title='bbox 1427 2782 1477 2823; x_wconf 88' lang='lat' dir='ltr'><strong>nos</strong></span> <span class='ocrx_word' id='word_1_382' title='bbox 1491 2783 1598 2844; x_wconf 88' lang='lat' dir='ltr'><strong>quoquc</strong></span> <span class='ocrx_word' id='word_1_383' title='bbox 1613 2787 1663 2830; x_wconf 88' lang='lat' dir='ltr'><strong>vos</strong></span> <span class='ocrx_word' id='word_1_384' title='bbox 1681 2791 1687 2830; x_wconf 91' lang='lat'>:</span> <span class='ocrx_word' id='word_1_385' title='bbox 1704 2773 1764 2832; x_wconf 90' lang='lat' dir='ltr'><strong>ideo</strong></span> <span class='ocrx_word' id='word_1_386' title='bbox 1779 2781 1916 2838; x_wconf 89' lang='lat' dir='ltr'><strong>consola-</strong></span> 
     </span>
    </p>
   </div>
   <div class='ocr_carea' id='block_1_8' title="bbox 257 2834 1914 3110">
    <p class='ocr_par' dir='ltr' id='par_1_8' title="bbox 257 2834 1914 3110">
     <span class='ocr_line' id='line_1_38' title="bbox 265 2834 1914 2940; baseline 0.023 -49"><span class='ocrx_word' id='word_1_387' title='bbox 265 2834 387 2892; x_wconf 77' lang='lat' dir='ltr'><strong>«Nonne</strong></span> <span class='ocrx_word' id='word_1_388' title='bbox 401 2834 590 2909; x_wconf 73' lang='lat' dir='ltr'><strong>precipientes</strong></span> <span class='ocrx_word' id='word_1_389' title='bbox 615 2834 843 2893; x_wconf 87' lang='lat' dir='ltr'><strong>denuntiavimus</strong></span> <span class='ocrx_word' id='word_1_390' title='bbox 864 2836 953 2908; x_wconf 89' lang='lat' dir='ltr'><strong>vobis,</strong></span> <span class='ocrx_word' id='word_1_391' title='bbox 972 2854 1007 2896; x_wconf 93' lang='lat' dir='ltr'><strong>ne</strong></span> <span class='ocrx_word' id='word_1_392' title='bbox 1021 2838 1060 2896; x_wconf 82' lang='lat' dir='ltr'><strong>lo</strong></span> <span class='ocrx_word' id='word_1_393' title='bbox 1112 2847 1216 2906; x_wconf 75' lang='lat' dir='ltr'><strong>donem</strong></span> <span class='ocrx_word' id='word_1_394' title='bbox 1238 2867 1333 2909; x_wconf 87' lang='lat' dir='ltr'><strong>sumus</strong></span> <span class='ocrx_word' id='word_1_395' title='bbox 1346 2853 1449 2929; x_wconf 90' lang='lat' dir='ltr'><strong>adepti,</strong></span> <span class='ocrx_word' id='word_1_396' title='bbox 1467 2856 1577 2930; x_wconf 88' lang='lat' dir='ltr'><strong>fratres,</strong></span> <span class='ocrx_word' id='word_1_397' title='bbox 1593 2861 1622 2918; x_wconf 93' lang='lat' dir='ltr'><strong>in</strong></span> <span class='ocrx_word' id='word_1_398' title='bbox 1637 2863 1717 2922; x_wconf 90' lang='lat' dir='ltr'><strong>vobis</strong></span> <span class='ocrx_word' id='word_1_399' title='bbox 1730 2881 1814 2940; x_wconf 90' lang='lat' dir='ltr'><strong>super</strong></span> <span class='ocrx_word' id='word_1_400' title='bbox 1836 2873 1914 2930; x_wconf 90' lang='lat' dir='ltr'><strong>omni</strong></span> 
     </span>
     <span class='ocr_line' id='line_1_39' title="bbox 258 2922 1913 3031; baseline 0.024 -52"><span class='ocrx_word' id='word_1_401' title='bbox 258 2922 412 2998; x_wconf 88' lang='lat' dir='ltr'><strong>queremini</strong></span> <span class='ocrx_word' id='word_1_402' title='bbox 432 2923 462 2980; x_wconf 91' lang='lat' dir='ltr'><strong>in</strong></span> <span class='ocrx_word' id='word_1_403' title='bbox 485 2924 597 2978; x_wconf 80' lang='lat' dir='ltr'><strong>nomine</strong></span> <span class='ocrx_word' id='word_1_404' title='bbox 611 2923 675 2980; x_wconf 86' lang='lat' dir='ltr'><strong>lesu</strong></span> <span class='ocrx_word' id='word_1_405' title='bbox 700 2924 752 2980; x_wconf 91' lang='lat' dir='ltr'><strong>ulli</strong></span> <span class='ocrx_word' id='word_1_406' title='bbox 770 2925 914 2982; x_wconf 90' lang='lat' dir='ltr'><strong>hominum</strong></span> <span class='ocrx_word' id='word_1_407' title='bbox 940 2928 1011 2999; x_wconf 81' lang='lat' dir='ltr'><strong>(Act.</strong></span> <span class='ocrx_word' id='word_1_408' title='bbox 1028 2946 1056 3000; x_wconf 89' lang='lat' dir='ltr'><strong>v,</strong></span> <span class='ocrx_word' id='word_1_409' title='bbox 1113 2939 1274 3000; x_wconf 87' lang='lat' dir='ltr'><strong>necessitate</strong></span> <span class='ocrx_word' id='word_1_410' title='bbox 1296 2952 1323 3001; x_wconf 90' lang='lat' dir='ltr'><strong>et</strong></span> <span class='ocrx_word' id='word_1_411' title='bbox 1346 2961 1473 3020; x_wconf 90' lang='lat' dir='ltr'><strong>pressura</strong></span> <span class='ocrx_word' id='word_1_412' title='bbox 1494 2958 1588 3008; x_wconf 87' lang='lat' dir='ltr'><strong>nostra</strong></span> <span class='ocrx_word' id='word_1_413' title='bbox 1609 2971 1657 3028; x_wconf 90' lang='lat' dir='ltr'><strong>per</strong></span> <span class='ocrx_word' id='word_1_414' title='bbox 1681 2965 1800 3016; x_wconf 87' lang='lat' dir='ltr'><strong>vestram</strong></span> <span class='ocrx_word' id='word_1_415' title='bbox 1816 2960 1913 3031; x_wconf 90' lang='lat' dir='ltr'><strong>iidem,</strong></span> 
     </span>
     <span class='ocr_line' id='line_1_40' title="bbox 257 3011 1906 3110; baseline 0.033 -53"><span class='ocrx_word' id='word_1_416' title='bbox 257 3012 304 3085; x_wconf 81' lang='lat'><strong>28)</strong></span> <span class='ocrx_word' id='word_1_417' title='bbox 317 3013 332 3070; x_wconf 69' lang='grc'><strong>7</strong></span> <span class='ocrx_word' id='word_1_418' title='bbox 346 3036 354 3060; x_wconf 66' lang='grc' dir='ltr'>ι</span> <span class='ocrx_word' id='word_1_419' title='bbox 372 3011 425 3070; x_wconf 87' lang='lat' dir='ltr'><strong>Sed</strong></span> <span class='ocrx_word' id='word_1_420' title='bbox 439 3012 504 3086; x_wconf 88' lang='lat' dir='ltr'><strong>quia</strong></span> <span class='ocrx_word' id='word_1_421' title='bbox 517 3011 591 3086; x_wconf 88' lang='lat' dir='ltr'><strong>quod</strong></span> <span class='ocrx_word' id='word_1_422' title='bbox 603 3029 658 3070; x_wconf 92' lang='lat' dir='ltr'><strong>non</strong></span> <span class='ocrx_word' id='word_1_423' title='bbox 672 3021 713 3071; x_wconf 90' lang='lat' dir='ltr'><strong>est</strong></span> <span class='ocrx_word' id='word_1_424' title='bbox 732 3016 828 3083; x_wconf 83' lang='lat' dir='ltr'><strong>aueo,</strong></span> <span class='ocrx_word' id='word_1_425' title='bbox 847 3023 919 3074; x_wconf 89' lang='lat' dir='ltr'><strong>stare</strong></span> <span class='ocrx_word' id='word_1_426' title='bbox 933 3034 988 3076; x_wconf 92' lang='lat' dir='ltr'><strong>non</strong></span> <span class='ocrx_word' id='word_1_427' title='bbox 1003 3035 1058 3093; x_wconf 88' lang='lat' dir='ltr'><strong>po-</strong></span> <span class='ocrx_word' id='word_1_428' title='bbox 1112 3031 1242 3101; x_wconf 86' lang='lat' dir='ltr'><strong>quoniam</strong></span> <span class='ocrx_word' id='word_1_429' title='bbox 1257 3049 1333 3092; x_wconf 91' lang='lat' dir='ltr'><strong>nuuc</strong></span> <span class='ocrx_word' id='word_1_430' title='bbox 1342 3037 1474 3110; x_wconf 89' lang='lat' dir='ltr'><strong>vivimus,</strong></span> <span class='ocrx_word' id='word_1_431' title='bbox 1486 3039 1509 3098; x_wconf 91' lang='lat' dir='ltr'><strong>si</strong></span> <span class='ocrx_word' id='word_1_432' title='bbox 1521 3059 1571 3100; x_wconf 91' lang='lat' dir='ltr'><strong>vos</strong></span> <span class='ocrx_word' id='word_1_433' title='bbox 1578 3045 1710 3104; x_wconf 88' lang='lat' dir='ltr'><strong>steteritis</strong></span> <span class='ocrx_word' id='word_1_434' title='bbox 1725 3047 1754 3106; x_wconf 94' lang='lat' dir='ltr'><strong>in</strong></span> <span class='ocrx_word' id='word_1_435' title='bbox 1769 3049 1906 3110; x_wconf 82' lang='lat' dir='ltr'><strong>Christo·</strong></span> 
     </span>
    </p>
   </div>
   <div class='ocr_carea' id='block_1_9' title="bbox 256 3099 1915 3394">
    <p class='ocr_par' dir='ltr' id='par_1_9' title="bbox 256 3099 1915 3394">
     <span class='ocr_line' id='line_1_41' title="bbox 257 3099 1914 3210; baseline 0.024 -52"><span class='ocrx_word' id='word_1_436' title='bbox 257 3107 321 3172; x_wconf 88' lang='lat' dir='ltr'><strong>test,</strong></span> <span class='ocrx_word' id='word_1_437' title='bbox 336 3099 528 3158; x_wconf 89' lang='lat' dir='ltr'><strong>dissolvuntur</strong></span> <span class='ocrx_word' id='word_1_438' title='bbox 546 3100 744 3174; x_wconf 88' lang='lat' dir='ltr'><strong>impedimenta</strong></span> <span class='ocrx_word' id='word_1_439' title='bbox 758 3105 875 3163; x_wconf 86' lang='lat' dir='ltr'><strong>Satanae.</strong></span> <span class='ocrx_word' id='word_1_440' title='bbox 1072 3145 1095 3210; x_wconf 68' lang='lat' dir='ltr'><strong>G</strong></span> <span class='ocrx_word' id='word_1_441' title='bbox 1110 3118 1267 3178; x_wconf 84' lang='lat' dir='ltr'><strong>Declaravit</strong></span> <span class='ocrx_word' id='word_1_442' title='bbox 1286 3139 1336 3181; x_wconf 90' lang='lat' dir='ltr'><strong>cur</strong></span> <span class='ocrx_word' id='word_1_443' title='bbox 1349 3127 1433 3184; x_wconf 90' lang='lat' dir='ltr'><strong>alacri</strong></span> <span class='ocrx_word' id='word_1_444' title='bbox 1456 3146 1582 3190; x_wconf 83' lang='grc' dir='ltr'>εοιιιιοιιο</span> <span class='ocrx_word' id='word_1_445' title='bbox 1596 3133 1698 3193; x_wconf 89' lang='lat' dir='ltr'><strong>scribat</strong></span> <span class='ocrx_word' id='word_1_446' title='bbox 1712 3138 1746 3196; x_wconf 85' lang='lat' dir='ltr'><strong>ad</strong></span> <span class='ocrx_word' id='word_1_447' title='bbox 1761 3155 1808 3196; x_wconf 85' lang='lat' dir='ltr'><strong>eos</strong></span> <span class='ocrx_word' id='word_1_448' title='bbox 1825 3159 1831 3196; x_wconf 94' lang='lat'>:</span> <span class='ocrx_word' id='word_1_449' title='bbox 1849 3140 1914 3199; x_wconf 91' lang='lat' dir='ltr'><strong>ideo</strong></span> 
     </span>
     <span class='ocr_line' id='line_1_42' title="bbox 294 3190 1915 3290; baseline 0.025 -43"><span class='ocrx_word' id='word_1_450' title='bbox 294 3190 385 3264; x_wconf 85' lang='lat' dir='ltr'><strong>(Vere.</strong></span> <span class='ocrx_word' id='word_1_451' title='bbox 403 3190 518 3264; x_wconf 53' lang='lat' dir='ltr'><strong>temo.)</strong></span> <span class='ocrx_word' id='word_1_452' title='bbox 543 3190 634 3260; x_wconf 78' lang='lat' dir='ltr'><strong>«Quae</strong></span> <span class='ocrx_word' id='word_1_453' title='bbox 648 3200 689 3250; x_wconf 91' lang='lat' dir='ltr'><strong>est</strong></span> <span class='ocrx_word' id='word_1_454' title='bbox 712 3194 786 3251; x_wconf 90' lang='lat' dir='ltr'><strong>enim</strong></span> <span class='ocrx_word' id='word_1_455' title='bbox 809 3203 904 3282; x_wconf 86' lang='lat' dir='ltr'><strong>nostra</strong></span> <span class='ocrx_word' id='word_1_456' title='bbox 922 3212 992 3270; x_wconf 86' lang='lat' dir='ltr'><strong>spes,</strong></span> <span class='ocrx_word' id='word_1_457' title='bbox 1008 3207 1056 3257; x_wconf 89' lang='lat' dir='ltr'><strong>aul</strong></span> <span class='ocrx_word' id='word_1_458' title='bbox 1110 3207 1196 3281; x_wconf 90' lang='lat' dir='ltr'><strong>enirn,</strong></span> <span class='ocrx_word' id='word_1_459' title='bbox 1225 3214 1325 3270; x_wconf 90' lang='lat' dir='ltr'><strong>nuntio</strong></span> <span class='ocrx_word' id='word_1_460' title='bbox 1352 3216 1491 3286; x_wconf 89' lang='lat' dir='ltr'><strong>veniente,</strong></span> <span class='ocrx_word' id='word_1_461' title='bbox 1510 3229 1538 3279; x_wconf 91' lang='lat' dir='ltr'><strong>et</strong></span> <span class='ocrx_word' id='word_1_462' title='bbox 1566 3221 1726 3282; x_wconf 87' lang='lat' dir='ltr'><strong>firmitatem</strong></span> <span class='ocrx_word' id='word_1_463' title='bbox 1753 3226 1915 3290; x_wconf 86' lang='lat' dir='ltr'><strong>devotionis</strong></span> 
     </span>
     <span class='ocr_line' id='line_1_43' title="bbox 256 3279 1913 3394; baseline 0.031 -63"><span class='ocrx_word' id='word_1_464' title='bbox 256 3279 397 3355; x_wconf 77' lang='lat' dir='ltr'><strong>gaudium,</strong></span> <span class='ocrx_word' id='word_1_465' title='bbox 420 3287 469 3336; x_wconf 89' lang='lat' dir='ltr'><strong>aut</strong></span> <span class='ocrx_word' id='word_1_466' title='bbox 492 3295 594 3356; x_wconf 71' lang='lat' dir='ltr'><strong>corona</strong></span> <span class='ocrx_word' id='word_1_467' title='bbox 617 3282 735 3353; x_wconf 78' lang='lat' dir='ltr'><strong>gloriar</strong></span> <span class='ocrx_word' id='word_1_468' title='bbox 758 3285 856 3341; x_wconf 80' lang='lat' dir='ltr'><strong>Nonne</strong></span> <span class='ocrx_word' id='word_1_469' title='bbox 882 3302 932 3344; x_wconf 80' lang='lat' dir='ltr'><strong>vos</strong></span> <span class='ocrx_word' id='word_1_470' title='bbox 962 3303 1055 3344; x_wconf 72' lang='lat' dir='ltr'><strong>coram</strong></span> <span class='ocrx_word' id='word_1_471' title='bbox 1110 3299 1221 3358; x_wconf 89' lang='lat' dir='ltr'><strong>illorum</strong></span> <span class='ocrx_word' id='word_1_472' title='bbox 1250 3304 1279 3360; x_wconf 92' lang='lat' dir='ltr'><strong>in</strong></span> <span class='ocrx_word' id='word_1_473' title='bbox 1304 3305 1357 3363; x_wconf 87' lang='lat' dir='ltr'><strong>fide</strong></span> <span class='ocrx_word' id='word_1_474' title='bbox 1381 3316 1408 3365; x_wconf 88' lang='grc' dir='ltr'><strong>οι</strong></span> <span class='ocrx_word' id='word_1_475' title='bbox 1431 3309 1579 3370; x_wconf 91' lang='lat' dir='ltr'><strong>dilectione</strong></span> <span class='ocrx_word' id='word_1_476' title='bbox 1600 3317 1727 3390; x_wconf 80' lang='lat' dir='ltr'><strong>Apostoli</strong></span> <span class='ocrx_word' id='word_1_477' title='bbox 1741 3318 1913 3394; x_wconf 84' lang='lat' dir='ltr'><strong>declarante,</strong></span> 
     </span>
    </p>
   </div>
   <div class='ocr_carea' id='block_1_10' title="bbox 244 3372 1056 5430">
    <p class='ocr_par' dir='ltr' id='par_1_10' title="bbox 248 3372 1056 4242">
     <span class='ocr_line' id='line_1_44' title="bbox 254 3372 1056 3449; baseline 0.001 -17"><span class='ocrx_word' id='word_1_478' title='bbox 254 3372 374 3432; x_wconf 87' lang='lat' dir='ltr'><strong>Domino</strong></span> <span class='ocrx_word' id='word_1_479' title='bbox 389 3379 484 3430; x_wconf 89' lang='lat' dir='ltr'><strong>nostro</strong></span> <span class='ocrx_word' id='word_1_480' title='bbox 506 3373 570 3430; x_wconf 88' lang='lat' dir='ltr'><strong>lesu</strong></span> <span class='ocrx_word' id='word_1_481' title='bbox 596 3372 707 3431; x_wconf 87' lang='lat' dir='ltr'><strong>Christo</strong></span> <span class='ocrx_word' id='word_1_482' title='bbox 724 3373 752 3428; x_wconf 92' lang='lat' dir='ltr'><strong>in</strong></span> <span class='ocrx_word' id='word_1_483' title='bbox 767 3375 888 3432; x_wconf 90' lang='lat' dir='ltr'><strong>adventu</strong></span> <span class='ocrx_word' id='word_1_484' title='bbox 901 3375 985 3449; x_wconf 78' lang='lat' dir='ltr'><strong>ejus?</strong></span> <span class='ocrx_word' id='word_1_485' title='bbox 999 3377 1056 3435; x_wconf 90' lang='lat' dir='ltr'><strong>Vos</strong></span> 
     </span>
     <span class='ocr_line' id='line_1_45' title="bbox 255 3463 1054 3537; baseline 0.005 -17"><span class='ocrx_word' id='word_1_486' title='bbox 255 3463 329 3531; x_wconf 80' lang='lat' dir='ltr'><strong>enirn</strong></span> <span class='ocrx_word' id='word_1_487' title='bbox 343 3463 411 3521; x_wconf 90' lang='lat' dir='ltr'><strong>estis</strong></span> <span class='ocrx_word' id='word_1_488' title='bbox 425 3463 512 3536; x_wconf 88' lang='lat' dir='ltr'><strong>gloria</strong></span> <span class='ocrx_word' id='word_1_489' title='bbox 535 3470 629 3519; x_wconf 90' lang='lat' dir='ltr'><strong>nostra</strong></span> <span class='ocrx_word' id='word_1_490' title='bbox 649 3469 675 3520; x_wconf 93' lang='lat' dir='ltr'><strong>et</strong></span> <span class='ocrx_word' id='word_1_491' title='bbox 689 3464 830 3537; x_wconf 91' lang='lat' dir='ltr'><strong>gandium.</strong></span> <span class='ocrx_word' id='word_1_492' title='bbox 847 3489 856 3514; x_wconf 83' lang='lat'><strong>·</strong></span> <span class='ocrx_word' id='word_1_493' title='bbox 877 3465 1054 3524; x_wconf 84' lang='lat' dir='ltr'><strong>Manifestum</strong></span> 
     </span>
     <span class='ocr_line' id='line_1_46' title="bbox 255 3553 1055 3627; baseline 0.006 -19"><span class='ocrx_word' id='word_1_494' title='bbox 255 3560 295 3609; x_wconf 88' lang='lat' dir='ltr'><strong>cst</strong></span> <span class='ocrx_word' id='word_1_495' title='bbox 317 3553 382 3626; x_wconf 85' lang='lat' dir='ltr'><strong>quia</strong></span> <span class='ocrx_word' id='word_1_496' title='bbox 404 3553 536 3627; x_wconf 88' lang='lat' dir='ltr'><strong>perfectio</strong></span> <span class='ocrx_word' id='word_1_497' title='bbox 550 3553 751 3627; x_wconf 89' lang='lat' dir='ltr'><strong>discipulorum</strong></span> <span class='ocrx_word' id='word_1_498' title='bbox 766 3554 896 3627; x_wconf 89' lang='lat' dir='ltr'><strong>gaudium</strong></span> <span class='ocrx_word' id='word_1_499' title='bbox 911 3563 938 3611; x_wconf 92' lang='lat' dir='ltr'><strong>et</strong></span> <span class='ocrx_word' id='word_1_500' title='bbox 953 3572 1055 3614; x_wconf 88' lang='lat' dir='ltr'><strong>corona</strong></span> 
     </span>
     <span class='ocr_line' id='line_1_47' title="bbox 253 3641 1053 3717; baseline 0.005 -19"><span class='ocrx_word' id='word_1_501' title='bbox 253 3641 378 3714; x_wconf 87' lang='lat' dir='ltr'><strong>magistri</strong></span> <span class='ocrx_word' id='word_1_502' title='bbox 392 3651 442 3699; x_wconf 91' lang='lat' dir='ltr'><strong>est.</strong></span> <span class='ocrx_word' id='word_1_503' title='bbox 468 3642 502 3698; x_wconf 91' lang='lat' dir='ltr'><strong>lli</strong></span> <span class='ocrx_word' id='word_1_504' title='bbox 527 3641 601 3699; x_wconf 93' lang='lat' dir='ltr'><strong>enim</strong></span> <span class='ocrx_word' id='word_1_505' title='bbox 625 3650 700 3712; x_wconf 90' lang='lat' dir='ltr'><strong>sunt,</strong></span> <span class='ocrx_word' id='word_1_506' title='bbox 714 3643 762 3717; x_wconf 89' lang='lat' dir='ltr'><strong>qui</strong></span> <span class='ocrx_word' id='word_1_507' title='bbox 787 3643 894 3702; x_wconf 90' lang='lat' dir='ltr'><strong>labores</strong></span> <span class='ocrx_word' id='word_1_508' title='bbox 913 3645 1053 3703; x_wconf 89' lang='lat' dir='ltr'><strong>fructuum</strong></span> 
     </span>
     <span class='ocr_line' id='line_1_48' title="bbox 254 3730 1053 3807; baseline 0.006 -19"><span class='ocrx_word' id='word_1_509' title='bbox 254 3746 367 3788; x_wconf 88' lang='lat' dir='ltr'><strong>suorum</strong></span> <span class='ocrx_word' id='word_1_510' title='bbox 382 3730 484 3788; x_wconf 90' lang='lat' dir='ltr'><strong>edituri</strong></span> <span class='ocrx_word' id='word_1_511' title='bbox 500 3739 583 3800; x_wconf 74' lang='lat' dir='ltr'><strong>sunt,</strong></span> <span class='ocrx_word' id='word_1_512' title='bbox 603 3731 710 3790; x_wconf 90' lang='lat' dir='ltr'><strong>fructus</strong></span> <span class='ocrx_word' id='word_1_513' title='bbox 732 3732 806 3790; x_wconf 91' lang='lat' dir='ltr'><strong>enim</strong></span> <span class='ocrx_word' id='word_1_514' title='bbox 822 3733 955 3807; x_wconf 90' lang='lat' dir='ltr'><strong>magistri,</strong></span> <span class='ocrx_word' id='word_1_515' title='bbox 971 3736 1053 3793; x_wconf 90' lang='lat' dir='ltr'><strong>disci·</strong></span> 
     </span>
     <span class='ocr_line' id='line_1_49' title="bbox 254 3819 1053 3896; baseline 0.009 -19"><span class='ocrx_word' id='word_1_516' title='bbox 254 3821 336 3896; x_wconf 88' lang='lat' dir='ltr'><strong>pules</strong></span> <span class='ocrx_word' id='word_1_517' title='bbox 354 3828 396 3879; x_wconf 91' lang='lat' dir='ltr'><strong>est</strong></span> <span class='ocrx_word' id='word_1_518' title='bbox 422 3819 564 3890; x_wconf 90' lang='lat' dir='ltr'><strong>obediens,</strong></span> <span class='ocrx_word' id='word_1_519' title='bbox 580 3820 659 3894; x_wconf 84' lang='lat' dir='ltr'><strong>cujus</strong></span> <span class='ocrx_word' id='word_1_520' title='bbox 687 3823 753 3880; x_wconf 91' lang='lat' dir='ltr'><strong>dum</strong></span> <span class='ocrx_word' id='word_1_521' title='bbox 781 3823 855 3880; x_wconf 88' lang='lat' dir='ltr'><strong>bona</strong></span> <span class='ocrx_word' id='word_1_522' title='bbox 879 3829 1053 3885; x_wconf 88' lang='lat' dir='ltr'><strong>conversatio</strong></span> 
     </span>
     <span class='ocr_line' id='line_1_50' title="bbox 254 3910 1053 3985; baseline 0.01 -18"><span class='ocrx_word' id='word_1_523' title='bbox 254 3911 363 3985; x_wconf 85' lang='lat' dir='ltr'><strong>proficit</strong></span> <span class='ocrx_word' id='word_1_524' title='bbox 386 3910 528 3985; x_wconf 90' lang='lat' dir='ltr'><strong>magistro,</strong></span> <span class='ocrx_word' id='word_1_525' title='bbox 551 3911 659 3971; x_wconf 88' lang='lat' dir='ltr'><strong>fructus</strong></span> <span class='ocrx_word' id='word_1_526' title='bbox 673 3915 717 3972; x_wconf 92' lang='lat' dir='ltr'><strong>sui</strong></span> <span class='ocrx_word' id='word_1_527' title='bbox 731 3913 788 3972; x_wconf 91' lang='lat' dir='ltr'><strong>edit</strong></span> <span class='ocrx_word' id='word_1_528' title='bbox 815 3914 947 3974; x_wconf 90' lang='lat' dir='ltr'><strong>laborem.</strong></span> <span class='ocrx_word' id='word_1_529' title='bbox 963 3916 1053 3975; x_wconf 88' lang='lat' dir='ltr'><strong>Labor</strong></span> 
     </span>
     <span class='ocr_line' id='line_1_51' title="bbox 253 4000 1050 4082; baseline 0.009 -23"><span class='ocrx_word' id='word_1_530' title='bbox 253 4001 328 4060; x_wconf 90' lang='lat' dir='ltr'><strong>enim</strong></span> <span class='ocrx_word' id='word_1_531' title='bbox 344 4000 475 4075; x_wconf 90' lang='lat' dir='ltr'><strong>discipuli</strong></span> <span class='ocrx_word' id='word_1_532' title='bbox 491 4002 521 4060; x_wconf 94' lang='lat' dir='ltr'><strong>in</strong></span> <span class='ocrx_word' id='word_1_533' title='bbox 535 4018 617 4077; x_wconf 90' lang='lat' dir='ltr'><strong>opere</strong></span> <span class='ocrx_word' id='word_1_534' title='bbox 628 4004 701 4061; x_wconf 90' lang='lat' dir='ltr'><strong>bono</strong></span> <span class='ocrx_word' id='word_1_535' title='bbox 711 4021 841 4064; x_wconf 85' lang='lat' dir='ltr'><strong>coronam</strong></span> <span class='ocrx_word' id='word_1_536' title='bbox 852 4005 900 4064; x_wconf 92' lang='lat' dir='ltr'><strong>dat</strong></span> <span class='ocrx_word' id='word_1_537' title='bbox 910 4007 1050 4082; x_wconf 86' lang='lat' dir='ltr'><strong>magistro,</strong></span> 
     </span>
     <span class='ocr_line' id='line_1_52' title="bbox 248 4090 479 4166; baseline 0.004 -16"><span class='ocrx_word' id='word_1_538' title='bbox 248 4090 344 4166; x_wconf 86' lang='lat' dir='ltr'><strong>judice</strong></span> <span class='ocrx_word' id='word_1_539' title='bbox 358 4091 479 4152; x_wconf 88' lang='lat' dir='ltr'><strong>Christo.</strong></span> 
     </span>
     <span class='ocr_line' id='line_1_53' title="bbox 556 4182 738 4242; baseline -0.011 0"><span class='ocrx_word' id='word_1_540' title='bbox 556 4182 671 4242; x_wconf 81' lang='lat' dir='ltr'><strong>CAPUT</strong></span> <span class='ocrx_word' id='word_1_541' title='bbox 691 4184 738 4242; x_wconf 86' lang='grc' dir='ltr'>ΙΙΙ.</span> 
     </span>
    </p>

    <p class='ocr_par' dir='ltr' id='par_1_11' title="bbox 244 4271 1050 5430">
     <span class='ocr_line' id='line_1_54' title="bbox 288 4271 1050 4352; baseline 0.01 -22"><span class='ocrx_word' id='word_1_542' title='bbox 288 4271 379 4342; x_wconf 87' lang='lat' dir='ltr'><strong>(Vere.</strong></span> <span class='ocrx_word' id='word_1_543' title='bbox 397 4271 465 4346; x_wconf 80' lang='lat' dir='ltr'><strong>l-t.)</strong></span> <span class='ocrx_word' id='word_1_544' title='bbox 490 4297 499 4320; x_wconf 79' lang='grc' dir='ltr'>ι</span> <span class='ocrx_word' id='word_1_545' title='bbox 520 4272 627 4333; x_wconf 89' lang='lat' dir='ltr'><strong>Idcirco</strong></span> <span class='ocrx_word' id='word_1_546' title='bbox 638 4273 695 4348; x_wconf 89' lang='lat' dir='ltr'><strong>jam</strong></span> <span class='ocrx_word' id='word_1_547' title='bbox 718 4290 775 4333; x_wconf 92' lang='lat' dir='ltr'><strong>non</strong></span> <span class='ocrx_word' id='word_1_548' title='bbox 794 4275 914 4350; x_wconf 89' lang='lat' dir='ltr'><strong>amplius</strong></span> <span class='ocrx_word' id='word_1_549' title='bbox 932 4279 1050 4352; x_wconf 86' lang='lat' dir='ltr'><strong>toleran-</strong></span> 
     </span>
     <span class='ocr_line' id='line_1_55' title="bbox 250 4361 1049 4442; baseline 0.011 -24"><span class='ocrx_word' id='word_1_550' title='bbox 250 4368 302 4431; x_wconf 90' lang='lat' dir='ltr'><strong>tes,</strong></span> <span class='ocrx_word' id='word_1_551' title='bbox 319 4361 455 4434; x_wconf 89' lang='lat' dir='ltr'><strong>optimum</strong></span> <span class='ocrx_word' id='word_1_552' title='bbox 478 4361 612 4421; x_wconf 84' lang='lat' dir='ltr'><strong>duximus</strong></span> <span class='ocrx_word' id='word_1_553' title='bbox 625 4375 657 4422; x_wconf 91' lang='lat' dir='ltr'><strong>ut</strong></span> <span class='ocrx_word' id='word_1_554' title='bbox 671 4365 788 4424; x_wconf 86' lang='lat' dir='ltr'><strong>Athenis</strong></span> <span class='ocrx_word' id='word_1_555' title='bbox 808 4369 860 4425; x_wconf 88' lang='lat' dir='ltr'><strong>soli</strong></span> <span class='ocrx_word' id='word_1_556' title='bbox 882 4367 1049 4442; x_wconf 86' lang='lat' dir='ltr'><strong>relinquere-</strong></span> 
     </span>
     <span class='ocr_line' id='line_1_56' title="bbox 252 4450 1050 4530; baseline 0.014 -23"><span class='ocrx_word' id='word_1_557' title='bbox 252 4467 334 4507; x_wconf 89' lang='lat' dir='ltr'><strong>mur:</strong></span> <span class='ocrx_word' id='word_1_558' title='bbox 351 4458 378 4506; x_wconf 86' lang='grc' dir='ltr'><strong>οι</strong></span> <span class='ocrx_word' id='word_1_559' title='bbox 404 4450 531 4508; x_wconf 91' lang='lat' dir='ltr'><strong>misimus</strong></span> <span class='ocrx_word' id='word_1_560' title='bbox 557 4453 733 4511; x_wconf 89' lang='lat' dir='ltr'><strong>Timotheum</strong></span> <span class='ocrx_word' id='word_1_561' title='bbox 750 4456 862 4514; x_wconf 91' lang='lat' dir='ltr'><strong>fratrem</strong></span> <span class='ocrx_word' id='word_1_562' title='bbox 873 4466 1009 4530; x_wconf 89' lang='lat' dir='ltr'><strong>nostrum,</strong></span> <span class='ocrx_word' id='word_1_563' title='bbox 1023 4468 1050 4518; x_wconf 92' lang='lat' dir='ltr'><strong>et</strong></span> 
     </span>
     <span class='ocr_line' id='line_1_57' title="bbox 250 4538 1050 4617; baseline 0.018 -22"><span class='ocrx_word' id='word_1_564' title='bbox 250 4538 412 4614; x_wconf 89' lang='lat' dir='ltr'><strong>participem</strong></span> <span class='ocrx_word' id='word_1_565' title='bbox 435 4540 525 4613; x_wconf 87' lang='lat' dir='ltr'><strong>operis</strong></span> <span class='ocrx_word' id='word_1_566' title='bbox 538 4540 588 4598; x_wconf 85' lang='lat' dir='ltr'><strong>Dei</strong></span> <span class='ocrx_word' id='word_1_567' title='bbox 602 4542 631 4598; x_wconf 95' lang='lat' dir='ltr'><strong>in</strong></span> <span class='ocrx_word' id='word_1_568' title='bbox 644 4543 795 4617; x_wconf 86' lang='lat' dir='ltr'><strong>Evangelio</strong></span> <span class='ocrx_word' id='word_1_569' title='bbox 810 4545 925 4616; x_wconf 85' lang='lat' dir='ltr'><strong>Christi,</strong></span> <span class='ocrx_word' id='word_1_570' title='bbox 943 4549 977 4606; x_wconf 88' lang='lat' dir='ltr'><strong>ad</strong></span> <span class='ocrx_word' id='word_1_571' title='bbox 996 4549 1050 4610; x_wconf 94' lang='lat' dir='ltr'><strong>hoc</strong></span> 
     </span>
     <span class='ocr_line' id='line_1_58' title="bbox 250 4628 1046 4710; baseline 0.014 -25"><span class='ocrx_word' id='word_1_572' title='bbox 250 4635 322 4686; x_wconf 91' lang='lat' dir='ltr'><strong>utet</strong></span> <span class='ocrx_word' id='word_1_573' title='bbox 337 4647 386 4686; x_wconf 90' lang='lat' dir='ltr'><strong>vos</strong></span> <span class='ocrx_word' id='word_1_574' title='bbox 408 4628 564 4700; x_wconf 85' lang='lat' dir='ltr'><strong>confirmet,</strong></span> <span class='ocrx_word' id='word_1_575' title='bbox 581 4638 608 4686; x_wconf 91' lang='lat' dir='ltr'><strong>et</strong></span> <span class='ocrx_word' id='word_1_576' title='bbox 621 4629 782 4704; x_wconf 90' lang='lat' dir='ltr'><strong>deprecetur</strong></span> <span class='ocrx_word' id='word_1_577' title='bbox 808 4651 858 4708; x_wconf 91' lang='lat' dir='ltr'><strong>pro</strong></span> <span class='ocrx_word' id='word_1_578' title='bbox 877 4635 931 4696; x_wconf 88' lang='lat' dir='ltr'><strong>fida</strong></span> <span class='ocrx_word' id='word_1_579' title='bbox 946 4650 1046 4710; x_wconf 88' lang='lat' dir='ltr'><strong>vestra,</strong></span> 
     </span>
     <span class='ocr_line' id='line_1_59' title="bbox 250 4719 1047 4801; baseline 0.014 -25"><span class='ocrx_word' id='word_1_580' title='bbox 250 4734 284 4776; x_wconf 92' lang='lat' dir='ltr'><strong>ne</strong></span> <span class='ocrx_word' id='word_1_581' title='bbox 299 4719 362 4792; x_wconf 88' lang='lat' dir='ltr'><strong>quie</strong></span> <span class='ocrx_word' id='word_1_582' title='bbox 375 4727 520 4778; x_wconf 90' lang='lat' dir='ltr'><strong>moveatur</strong></span> <span class='ocrx_word' id='word_1_583' title='bbox 533 4720 562 4777; x_wconf 95' lang='lat' dir='ltr'><strong>in</strong></span> <span class='ocrx_word' id='word_1_584' title='bbox 577 4721 622 4778; x_wconf 91' lang='lat' dir='ltr'><strong>his</strong></span> <span class='ocrx_word' id='word_1_585' title='bbox 642 4725 785 4795; x_wconf 90' lang='lat' dir='ltr'><strong>pressuris.</strong></span> <span class='ocrx_word' id='word_1_586' title='bbox 801 4725 856 4801; x_wconf 90' lang='lat' dir='ltr'><strong>lpsi</strong></span> <span class='ocrx_word' id='word_1_587' title='bbox 872 4728 946 4786; x_wconf 89' lang='lat' dir='ltr'><strong>cuim</strong></span> <span class='ocrx_word' id='word_1_588' title='bbox 971 4730 1047 4787; x_wconf 88' lang='lat' dir='ltr'><strong>scitis</strong></span> 
     </span>
     <span class='ocr_line' id='line_1_60' title="bbox 251 4809 1048 4893; baseline 0.018 -29"><span class='ocrx_word' id='word_1_589' title='bbox 251 4809 317 4883; x_wconf 87' lang='lat' dir='ltr'><strong>quia</strong></span> <span class='ocrx_word' id='word_1_590' title='bbox 336 4809 371 4866; x_wconf 88' lang='lat' dir='ltr'><strong>ad</strong></span> <span class='ocrx_word' id='word_1_591' title='bbox 400 4810 453 4868; x_wconf 93' lang='lat' dir='ltr'><strong>hoc</strong></span> <span class='ocrx_word' id='word_1_592' title='bbox 477 4811 560 4884; x_wconf 91' lang='lat' dir='ltr'><strong>positi</strong></span> <span class='ocrx_word' id='word_1_593' title='bbox 593 4829 707 4883; x_wconf 85' lang='lat' dir='ltr'><strong>sumus;</strong></span> <span class='ocrx_word' id='word_1_594' title='bbox 736 4831 799 4873; x_wconf 91' lang='lat' dir='ltr'><strong>narn</strong></span> <span class='ocrx_word' id='word_1_595' title='bbox 823 4825 851 4875; x_wconf 93' lang='lat' dir='ltr'><strong>et</strong></span> <span class='ocrx_word' id='word_1_596' title='bbox 878 4834 941 4875; x_wconf 92' lang='lat' dir='ltr'><strong>cum</strong></span> <span class='ocrx_word' id='word_1_597' title='bbox 974 4819 1048 4893; x_wconf 90' lang='lat' dir='ltr'><strong>apud</strong></span> 
     </span>
     <span class='ocr_line' id='line_1_61' title="bbox 249 4901 699 4976; baseline 0.016 -20"><span class='ocrx_word' id='word_1_598' title='bbox 249 4915 299 4956; x_wconf 90' lang='lat' dir='ltr'><strong>vos</strong></span> <span class='ocrx_word' id='word_1_599' title='bbox 327 4916 449 4971; x_wconf 88' lang='lat' dir='ltr'><strong>eramus,</strong></span> <span class='ocrx_word' id='word_1_600' title='bbox 482 4901 699 4976; x_wconf 79' lang='lat' dir='ltr'><strong>praedicebamus</strong></span> 
     </span>
     <span class='ocr_line' id='line_1_62' title="bbox 248 4991 1045 5068; baseline 0.014 -21"><span class='ocrx_word' id='word_1_601' title='bbox 248 5007 403 5064; x_wconf 88' lang='lat' dir='ltr'><strong>pressuram</strong></span> <span class='ocrx_word' id='word_1_602' title='bbox 419 4991 470 5068; x_wconf 86' lang='grc'><strong>(7),</strong></span> <span class='ocrx_word' id='word_1_603' title='bbox 486 4993 557 5052; x_wconf 88' lang='lat' dir='ltr'><strong>sicut</strong></span> <span class='ocrx_word' id='word_1_604' title='bbox 585 4994 761 5067; x_wconf 87' lang='lat' dir='ltr'><strong>factumest,</strong></span> <span class='ocrx_word' id='word_1_605' title='bbox 784 5006 812 5055; x_wconf 92' lang='lat' dir='ltr'><strong>et</strong></span> <span class='ocrx_word' id='word_1_606' title='bbox 835 4999 949 5058; x_wconf 78' lang='lat' dir='ltr'><strong>scitia·</strong></span> <span class='ocrx_word' id='word_1_607' title='bbox 970 5001 1045 5060; x_wconf 87' lang='lat' dir='ltr'><strong>Desi-</strong></span> 
     </span>
     <span class='ocr_line' id='line_1_63' title="bbox 247 5078 1045 5162; baseline 0.016 -26"><span class='ocrx_word' id='word_1_608' title='bbox 247 5078 316 5137; x_wconf 91' lang='lat' dir='ltr'><strong>derii</strong></span> <span class='ocrx_word' id='word_1_609' title='bbox 348 5099 430 5156; x_wconf 88' lang='lat' dir='ltr'><strong>supra</strong></span> <span class='ocrx_word' id='word_1_610' title='bbox 460 5085 604 5143; x_wconf 90' lang='lat' dir='ltr'><strong>memorati</strong></span> <span class='ocrx_word' id='word_1_611' title='bbox 635 5104 729 5146; x_wconf 87' lang='lat' dir='ltr'><strong>causas</strong></span> <span class='ocrx_word' id='word_1_612' title='bbox 762 5089 907 5162; x_wconf 86' lang='lat' dir='ltr'><strong>expressit.</strong></span> <span class='ocrx_word' id='word_1_613' title='bbox 939 5090 1045 5150; x_wconf 89' lang='lat' dir='ltr'><strong>idcirco</strong></span> 
     </span>
     <span class='ocr_line' id='line_1_64' title="bbox 246 5168 1045 5249; baseline 0.015 -22"><span class='ocrx_word' id='word_1_614' title='bbox 246 5168 321 5228; x_wconf 89' lang='lat' dir='ltr'><strong>enim</strong></span> <span class='ocrx_word' id='word_1_615' title='bbox 335 5179 483 5245; x_wconf 81' lang='lat' dir='ltr'><strong>presentes</strong></span> <span class='ocrx_word' id='word_1_616' title='bbox 496 5189 554 5232; x_wconf 90' lang='lat' dir='ltr'><strong>csse</strong></span> <span class='ocrx_word' id='word_1_617' title='bbox 568 5175 641 5249; x_wconf 91' lang='lat' dir='ltr'><strong>apud</strong></span> <span class='ocrx_word' id='word_1_618' title='bbox 655 5192 701 5233; x_wconf 89' lang='lat' dir='ltr'><strong>eos</strong></span> <span class='ocrx_word' id='word_1_619' title='bbox 723 5176 862 5248; x_wconf 90' lang='lat' dir='ltr'><strong>volebant,</strong></span> <span class='ocrx_word' id='word_1_620' title='bbox 885 5186 916 5237; x_wconf 91' lang='lat' dir='ltr'><strong>ut</strong></span> <span class='ocrx_word' id='word_1_621' title='bbox 937 5181 1045 5240; x_wconf 87' lang='lat' dir='ltr'><strong>animos</strong></span> 
     </span>
     <span class='ocr_line' id='line_1_65' title="bbox 246 5261 1044 5344; baseline 0.016 -28"><span class='ocrx_word' id='word_1_622' title='bbox 246 5275 341 5317; x_wconf 88' lang='lat' dir='ltr'><strong>eorum</strong></span> <span class='ocrx_word' id='word_1_623' title='bbox 357 5261 509 5334; x_wconf 82' lang='lat' dir='ltr'><strong>firmarent,</strong></span> <span class='ocrx_word' id='word_1_624' title='bbox 520 5280 555 5322; x_wconf 92' lang='lat' dir='ltr'><strong>ne</strong></span> <span class='ocrx_word' id='word_1_625' title='bbox 569 5266 631 5340; x_wconf 87' lang='lat' dir='ltr'><strong>quis</strong></span> <span class='ocrx_word' id='word_1_626' title='bbox 645 5282 680 5322; x_wconf 82' lang='lat' dir='ltr'><strong>ex</strong></span> <span class='ocrx_word' id='word_1_627' title='bbox 695 5264 740 5321; x_wconf 83' lang='lat' dir='ltr'><strong>h&#39;is</strong></span> <span class='ocrx_word' id='word_1_628' title='bbox 754 5266 912 5325; x_wconf 90' lang='lat' dir='ltr'><strong>scandalum</strong></span> <span class='ocrx_word' id='word_1_629' title='bbox 932 5277 1044 5344; x_wconf 88' lang='lat' dir='ltr'><strong>patere-</strong></span> 
     </span>
     <span class='ocr_line' id='line_1_66' title="bbox 244 5351 874 5430; baseline 0.016 -27"><span class='ocrx_word' id='word_1_630' title='bbox 244 5354 290 5405; x_wconf 88' lang='lat' dir='ltr'><strong>tur</strong></span> <span class='ocrx_word' id='word_1_631' title='bbox 317 5351 351 5408; x_wconf 92' lang='lat' dir='ltr'><strong>de</strong></span> <span class='ocrx_word' id='word_1_632' title='bbox 374 5351 509 5425; x_wconf 90' lang='lat' dir='ltr'><strong>pressuris</strong></span> <span class='ocrx_word' id='word_1_633' title='bbox 536 5354 736 5430; x_wconf 85' lang='lat' dir='ltr'><strong>apostolorum,</strong></span> <span class='ocrx_word' id='word_1_634' title='bbox 757 5359 828 5418; x_wconf 77' lang='lat'><strong>280</strong></span> <span class='ocrx_word' id='word_1_635' title='bbox 843 5366 874 5416; x_wconf 91' lang='lat' dir='ltr'><strong>ut</strong></span> 
     </span>
    </p>
   </div>
   <div class='ocr_carea' id='block_1_11' title="bbox 1109 3389 1913 3476">
    <p class='ocr_par' dir='ltr' id='par_1_12' title="bbox 1109 3389 1913 3476">
     <span class='ocr_line' id='line_1_67' title="bbox 1109 3389 1913 3476; baseline 0.034 -32"><span class='ocrx_word' id='word_1_636' title='bbox 1109 3389 1188 3447; x_wconf 85' lang='lat' dir='ltr'><strong>laetus</strong></span> <span class='ocrx_word' id='word_1_637' title='bbox 1202 3391 1291 3449; x_wconf 90' lang='lat' dir='ltr'><strong>factus</strong></span> <span class='ocrx_word' id='word_1_638' title='bbox 1305 3392 1340 3451; x_wconf 90' lang='lat' dir='ltr'><strong>de</strong></span> <span class='ocrx_word' id='word_1_639' title='bbox 1363 3401 1504 3458; x_wconf 89' lang='lat' dir='ltr'><strong>communi</strong></span> <span class='ocrx_word' id='word_1_640' title='bbox 1519 3404 1677 3476; x_wconf 87' lang='lat' dir='ltr'><strong>concordia,</strong></span> <span class='ocrx_word' id='word_1_641' title='bbox 1693 3408 1791 3466; x_wconf 89' lang='lat' dir='ltr'><strong>scribit</strong></span> <span class='ocrx_word' id='word_1_642' title='bbox 1813 3411 1850 3468; x_wconf 88' lang='lat' dir='ltr'><strong>ad</strong></span> <span class='ocrx_word' id='word_1_643' title='bbox 1865 3428 1913 3470; x_wconf 86' lang='lat' dir='ltr'><strong>eos</strong></span> 
     </span>
    </p>
   </div>
   <div class='ocr_carea' id='block_1_12' title="bbox 1109 3481 1914 3626">
    <p class='ocr_par' dir='ltr' id='par_1_13' title="bbox 1109 3481 1914 3626">
     <span class='ocr_line' id='line_1_68' title="bbox 1109 3481 1914 3560; baseline 0.032 -26"><span class='ocrx_word' id='word_1_644' title='bbox 1109 3493 1236 3536; x_wconf 89' lang='lat' dir='ltr'><strong>securum</strong></span> <span class='ocrx_word' id='word_1_645' title='bbox 1251 3481 1354 3541; x_wconf 88' lang='lat' dir='ltr'><strong>habens</strong></span> <span class='ocrx_word' id='word_1_646' title='bbox 1369 3485 1491 3546; x_wconf 89' lang='lat' dir='ltr'><strong>fructum</strong></span> <span class='ocrx_word' id='word_1_647' title='bbox 1507 3489 1571 3548; x_wconf 86' lang='lat' dir='ltr'><strong>fidei</strong></span> <span class='ocrx_word' id='word_1_648' title='bbox 1580 3500 1609 3550; x_wconf 91' lang='lat' dir='ltr'><strong>et</strong></span> <span class='ocrx_word' id='word_1_649' title='bbox 1623 3492 1702 3553; x_wconf 80' lang='lat' dir='ltr'><strong>bone</strong></span> <span class='ocrx_word' id='word_1_650' title='bbox 1717 3503 1914 3560; x_wconf 90' lang='lat' dir='ltr'><strong>conversatio·</strong></span> 
     </span>
     <span class='ocr_line' id='line_1_69' title="bbox 1109 3583 1268 3626; baseline 0.013 -2"><span class='ocrx_word' id='word_1_651' title='bbox 1109 3583 1268 3626; x_wconf 81' lang='lat' dir='ltr'><strong>uiscerum.</strong></span> 
     </span>
    </p>
   </div>
   <div class='ocr_carea' id='block_1_13' title="bbox 1108 3667 1911 3852">
    <p class='ocr_par' dir='ltr' id='par_1_14' title="bbox 1108 3667 1911 3852">
     <span class='ocr_line' id='line_1_70' title="bbox 1146 3667 1909 3754; baseline 0.035 -31"><span class='ocrx_word' id='word_1_652' title='bbox 1146 3667 1237 3740; x_wconf 85' lang='lat' dir='ltr'><strong>(Vere.</strong></span> <span class='ocrx_word' id='word_1_653' title='bbox 1257 3668 1285 3740; x_wconf 88' lang='grc'><strong>9,</strong></span> <span class='ocrx_word' id='word_1_654' title='bbox 1300 3669 1357 3744; x_wconf 81' lang='lat' dir='ltr'><strong>ld.)</strong></span> <span class='ocrx_word' id='word_1_655' title='bbox 1380 3673 1491 3741; x_wconf 77' lang='lat' dir='ltr'><strong>«Quam</strong></span> <span class='ocrx_word' id='word_1_656' title='bbox 1512 3677 1587 3735; x_wconf 91' lang='lat' dir='ltr'><strong>enim</strong></span> <span class='ocrx_word' id='word_1_657' title='bbox 1602 3683 1750 3754; x_wconf 87' lang='lat' dir='ltr'><strong>gratiarum</strong></span> <span class='ocrx_word' id='word_1_658' title='bbox 1766 3688 1909 3750; x_wconf 87' lang='lat' dir='ltr'><strong>actionem</strong></span> 
     </span>
     <span class='ocr_line' id='line_1_71' title="bbox 1108 3763 1911 3852; baseline 0.034 -41"><span class='ocrx_word' id='word_1_659' title='bbox 1108 3771 1252 3830; x_wconf 86' lang='lat' dir='ltr'><strong>possumus</strong></span> <span class='ocrx_word' id='word_1_660' title='bbox 1275 3763 1377 3819; x_wconf 92' lang='lat' dir='ltr'><strong>referre</strong></span> <span class='ocrx_word' id='word_1_661' title='bbox 1390 3764 1447 3820; x_wconf 87' lang='lat' dir='ltr'><strong>ileo</strong></span> <span class='ocrx_word' id='word_1_662' title='bbox 1461 3765 1494 3822; x_wconf 92' lang='lat' dir='ltr'><strong>de</strong></span> <span class='ocrx_word' id='word_1_663' title='bbox 1510 3768 1589 3826; x_wconf 90' lang='lat' dir='ltr'><strong>vobis</strong></span> <span class='ocrx_word' id='word_1_664' title='bbox 1606 3787 1688 3844; x_wconf 88' lang='lat' dir='ltr'><strong>super</strong></span> <span class='ocrx_word' id='word_1_665' title='bbox 1702 3777 1777 3833; x_wconf 88' lang='lat' dir='ltr'><strong>omni</strong></span> <span class='ocrx_word' id='word_1_666' title='bbox 1794 3780 1911 3852; x_wconf 87' lang='lat' dir='ltr'><strong>gaudio,</strong></span> 
     </span>
    </p>
   </div>
   <div class='ocr_carea' id='block_1_14' title="bbox 1101 3848 1914 4844">
    <p class='ocr_par' dir='ltr' id='par_1_15' title="bbox 1101 3848 1914 4844">
     <span class='ocr_line' id='line_1_72' title="bbox 1107 3848 1913 3935; baseline 0.036 -34"><span class='ocrx_word' id='word_1_667' title='bbox 1107 3861 1161 3920; x_wconf 90' lang='lat' dir='ltr'><strong>quo</strong></span> <span class='ocrx_word' id='word_1_668' title='bbox 1177 3848 1327 3920; x_wconf 88' lang='lat' dir='ltr'><strong>gaudemus</strong></span> <span class='ocrx_word' id='word_1_669' title='bbox 1341 3861 1452 3926; x_wconf 91' lang='lat' dir='ltr'><strong>propter</strong></span> <span class='ocrx_word' id='word_1_670' title='bbox 1461 3873 1510 3914; x_wconf 92' lang='lat' dir='ltr'><strong>vos</strong></span> <span class='ocrx_word' id='word_1_671' title='bbox 1524 3875 1616 3918; x_wconf 91' lang='lat' dir='ltr'><strong>coram</strong></span> <span class='ocrx_word' id='word_1_672' title='bbox 1631 3863 1688 3920; x_wconf 87' lang='lat' dir='ltr'><strong>ileo</strong></span> <span class='ocrx_word' id='word_1_673' title='bbox 1702 3875 1808 3935; x_wconf 87' lang='lat' dir='ltr'><strong>nostru,</strong></span> <span class='ocrx_word' id='word_1_674' title='bbox 1824 3879 1913 3930; x_wconf 92' lang='lat' dir='ltr'><strong>nocte</strong></span> 
     </span>
     <span class='ocr_line' id='line_1_73' title="bbox 1106 3936 1913 4025; baseline 0.033 -32"><span class='ocrx_word' id='word_1_675' title='bbox 1106 3936 1206 4010; x_wconf 86' lang='lat' dir='ltr'><strong>dieque</strong></span> <span class='ocrx_word' id='word_1_676' title='bbox 1245 3941 1481 4005; x_wconf 88' lang='lat' dir='ltr'><strong>abundantissime</strong></span> <span class='ocrx_word' id='word_1_677' title='bbox 1522 3959 1655 4025; x_wconf 91' lang='lat' dir='ltr'><strong>orantes,</strong></span> <span class='ocrx_word' id='word_1_678' title='bbox 1693 3964 1724 4015; x_wconf 91' lang='lat' dir='ltr'><strong>ut</strong></span> <span class='ocrx_word' id='word_1_679' title='bbox 1761 3957 1913 4020; x_wconf 87' lang='lat' dir='ltr'><strong>videamus</strong></span> 
     </span>
     <span class='ocr_line' id='line_1_74' title="bbox 1105 4027 1911 4119; baseline 0.033 -37"><span class='ocrx_word' id='word_1_680' title='bbox 1105 4027 1204 4086; x_wconf 87' lang='lat' dir='ltr'><strong>facicm</strong></span> <span class='ocrx_word' id='word_1_681' title='bbox 1228 4040 1358 4101; x_wconf 89' lang='lat' dir='ltr'><strong>vestram,</strong></span> <span class='ocrx_word' id='word_1_682' title='bbox 1378 4044 1405 4093; x_wconf 90' lang='lat' dir='ltr'><strong>et</strong></span> <span class='ocrx_word' id='word_1_683' title='bbox 1427 4042 1611 4113; x_wconf 89' lang='lat' dir='ltr'><strong>suppleamus,</strong></span> <span class='ocrx_word' id='word_1_684' title='bbox 1636 4061 1697 4119; x_wconf 81' lang='lat' dir='ltr'><strong>quae</strong></span> <span class='ocrx_word' id='word_1_685' title='bbox 1721 4047 1821 4105; x_wconf 88' lang='lat' dir='ltr'><strong>desunt</strong></span> <span class='ocrx_word' id='word_1_686' title='bbox 1840 4050 1911 4110; x_wconf 82' lang='lat' dir='ltr'><strong>fidei</strong></span> 
     </span>
     <span class='ocr_line' id='line_1_75' title="bbox 1105 4123 1912 4213; baseline 0.033 -39"><span class='ocrx_word' id='word_1_687' title='bbox 1105 4127 1239 4178; x_wconf 72' lang='lat' dir='ltr'><strong>vestre·</strong></span> <span class='ocrx_word' id='word_1_688' title='bbox 1262 4123 1337 4181; x_wconf 90' lang='lat' dir='ltr'><strong>Nihil</strong></span> <span class='ocrx_word' id='word_1_689' title='bbox 1360 4126 1428 4186; x_wconf 89' lang='lat' dir='ltr'><strong>dicit</strong></span> <span class='ocrx_word' id='word_1_690' title='bbox 1452 4137 1509 4188; x_wconf 89' lang='lat' dir='ltr'><strong>tam</strong></span> <span class='ocrx_word' id='word_1_691' title='bbox 1532 4133 1659 4208; x_wconf 88' lang='lat' dir='ltr'><strong>dignum,</strong></span> <span class='ocrx_word' id='word_1_692' title='bbox 1684 4140 1757 4213; x_wconf 88' lang='lat' dir='ltr'><strong>quod</strong></span> <span class='ocrx_word' id='word_1_693' title='bbox 1780 4141 1912 4200; x_wconf 89' lang='lat' dir='ltr'><strong>sufficere</strong></span> 
     </span>
     <span class='ocr_line' id='line_1_76' title="bbox 1105 4209 1911 4305; baseline 0.033 -42"><span class='ocrx_word' id='word_1_694' title='bbox 1105 4209 1191 4282; x_wconf 90' lang='lat' dir='ltr'><strong>possit</strong></span> <span class='ocrx_word' id='word_1_695' title='bbox 1210 4211 1243 4268; x_wconf 89' lang='lat' dir='ltr'><strong>ad</strong></span> <span class='ocrx_word' id='word_1_696' title='bbox 1268 4217 1518 4287; x_wconf 84' lang='lat' dir='ltr'><strong>compensationem</strong></span> <span class='ocrx_word' id='word_1_697' title='bbox 1546 4225 1688 4298; x_wconf 74' lang='lat' dir='ltr'><strong>acquisita</strong></span> <span class='ocrx_word' id='word_1_698' title='bbox 1713 4230 1811 4288; x_wconf 91' lang='lat' dir='ltr'><strong>salutis</strong></span> <span class='ocrx_word' id='word_1_699' title='bbox 1835 4248 1911 4305; x_wconf 90' lang='lat' dir='ltr'><strong>gen-</strong></span> 
     </span>
     <span class='ocr_line' id='line_1_77' title="bbox 1103 4298 1913 4391; baseline 0.031 -36"><span class='ocrx_word' id='word_1_700' title='bbox 1103 4298 1185 4355; x_wconf 87' lang='lat' dir='ltr'><strong>tium.</strong></span> <span class='ocrx_word' id='word_1_701' title='bbox 1214 4301 1250 4357; x_wconf 86' lang='lat' dir='ltr'><strong>Et</strong></span> <span class='ocrx_word' id='word_1_702' title='bbox 1278 4305 1408 4376; x_wconf 85' lang='lat' dir='ltr'><strong>quoniam</strong></span> <span class='ocrx_word' id='word_1_703' title='bbox 1436 4321 1620 4381; x_wconf 81' lang='lat' dir='ltr'><strong>provexerant</strong></span> <span class='ocrx_word' id='word_1_704' title='bbox 1647 4332 1676 4372; x_wconf 90' lang='lat' dir='ltr'><strong>se</strong></span> <span class='ocrx_word' id='word_1_705' title='bbox 1701 4322 1913 4391; x_wconf 87' lang='lat' dir='ltr'><strong>perseverantia</strong></span> 
     </span>
     <span class='ocr_line' id='line_1_78' title="bbox 1103 4385 1909 4483; baseline 0.032 -41"><span class='ocrx_word' id='word_1_706' title='bbox 1103 4385 1179 4456; x_wconf 90' lang='lat' dir='ltr'><strong>fidei,</strong></span> <span class='ocrx_word' id='word_1_707' title='bbox 1194 4397 1222 4446; x_wconf 94' lang='lat' dir='ltr'><strong>et</strong></span> <span class='ocrx_word' id='word_1_708' title='bbox 1244 4398 1307 4449; x_wconf 90' lang='lat' dir='ltr'><strong>actu</strong></span> <span class='ocrx_word' id='word_1_709' title='bbox 1330 4394 1394 4452; x_wconf 80' lang='lat' dir='ltr'><strong>vitae</strong></span> <span class='ocrx_word' id='word_1_710' title='bbox 1419 4398 1552 4470; x_wconf 91' lang='lat' dir='ltr'><strong>melioris,</strong></span> <span class='ocrx_word' id='word_1_711' title='bbox 1568 4403 1654 4476; x_wconf 86' lang='lat' dir='ltr'><strong>magis</strong></span> <span class='ocrx_word' id='word_1_712' title='bbox 1676 4421 1709 4462; x_wconf 89' lang='lat' dir='ltr'><strong>ac</strong></span> <span class='ocrx_word' id='word_1_713' title='bbox 1723 4409 1813 4480; x_wconf 89' lang='lat' dir='ltr'><strong>magis</strong></span> <span class='ocrx_word' id='word_1_714' title='bbox 1826 4410 1909 4483; x_wconf 88' lang='lat' dir='ltr'><strong>cupit</strong></span> 
     </span>
     <span class='ocr_line' id='line_1_79' title="bbox 1103 4480 1909 4566; baseline 0.029 -32"><span class='ocrx_word' id='word_1_715' title='bbox 1103 4494 1150 4534; x_wconf 90' lang='lat' dir='ltr'><strong>cos</strong></span> <span class='ocrx_word' id='word_1_716' title='bbox 1177 4480 1281 4552; x_wconf 93' lang='lat' dir='ltr'><strong>videre,</strong></span> <span class='ocrx_word' id='word_1_717' title='bbox 1298 4493 1329 4541; x_wconf 90' lang='lat' dir='ltr'><strong>ut</strong></span> <span class='ocrx_word' id='word_1_718' title='bbox 1356 4502 1389 4542; x_wconf 89' lang='lat' dir='ltr'><strong>ea</strong></span> <span class='ocrx_word' id='word_1_719' title='bbox 1416 4490 1534 4560; x_wconf 80' lang='lat' dir='ltr'><strong>quaed</strong></span> <span class='ocrx_word' id='word_1_720' title='bbox 1563 4493 1760 4566; x_wconf 79' lang='lat' dir='ltr'><strong>perfectionem</strong></span> <span class='ocrx_word' id='word_1_721' title='bbox 1788 4497 1909 4556; x_wconf 89' lang='lat' dir='ltr'><strong>illorum</strong></span> 
     </span>
     <span class='ocr_line' id='line_1_80' title="bbox 1103 4569 1911 4647; baseline 0.032 -25"><span class='ocrx_word' id='word_1_722' title='bbox 1103 4569 1253 4640; x_wconf 89' lang='lat' dir='ltr'><strong>pertinent,</strong></span> <span class='ocrx_word' id='word_1_723' title='bbox 1290 4573 1422 4644; x_wconf 90' lang='lat' dir='ltr'><strong>ediscant,</strong></span> <span class='ocrx_word' id='word_1_724' title='bbox 1461 4589 1631 4639; x_wconf 85' lang='lat' dir='ltr'><strong>sacramenta</strong></span> <span class='ocrx_word' id='word_1_725' title='bbox 1668 4583 1775 4644; x_wconf 88' lang='lat' dir='ltr'><strong>scilicet</strong></span> <span class='ocrx_word' id='word_1_726' title='bbox 1809 4603 1911 4647; x_wconf 89' lang='lat' dir='ltr'><strong>rerum</strong></span> 
     </span>
     <span class='ocr_line' id='line_1_81' title="bbox 1102 4659 1914 4744; baseline 0.031 -31"><span class='ocrx_word' id='word_1_727' title='bbox 1102 4659 1289 4732; x_wconf 88' lang='lat' dir='ltr'><strong>spiritalium,</strong></span> <span class='ocrx_word' id='word_1_728' title='bbox 1309 4679 1370 4737; x_wconf 83' lang='lat' dir='ltr'><strong>que</strong></span> <span class='ocrx_word' id='word_1_729' title='bbox 1391 4664 1472 4725; x_wconf 83' lang='lat' dir='ltr'><strong>facile</strong></span> <span class='ocrx_word' id='word_1_730' title='bbox 1490 4671 1627 4744; x_wconf 86' lang='lat' dir='ltr'><strong>publicari</strong></span> <span class='ocrx_word' id='word_1_731' title='bbox 1650 4691 1707 4733; x_wconf 91' lang='lat' dir='ltr'><strong>non</strong></span> <span class='ocrx_word' id='word_1_732' title='bbox 1730 4677 1854 4736; x_wconf 90' lang='lat' dir='ltr'><strong>debent:</strong></span> <span class='ocrx_word' id='word_1_733' title='bbox 1874 4690 1914 4738; x_wconf 91' lang='lat' dir='ltr'><strong>ut</strong></span> 
     </span>
     <span class='ocr_line' id='line_1_82' title="bbox 1101 4748 1911 4844; baseline 0.031 -41"><span class='ocrx_word' id='word_1_734' title='bbox 1101 4748 1204 4806; x_wconf 89' lang='lat' dir='ltr'><strong>scireut</strong></span> <span class='ocrx_word' id='word_1_735' title='bbox 1232 4752 1294 4825; x_wconf 87' lang='lat' dir='ltr'><strong>quis</strong></span> <span class='ocrx_word' id='word_1_736' title='bbox 1319 4762 1347 4811; x_wconf 91' lang='lat' dir='ltr'><strong>et</strong></span> <span class='ocrx_word' id='word_1_737' title='bbox 1371 4772 1453 4830; x_wconf 85' lang='lat' dir='ltr'><strong>quam</strong></span> <span class='ocrx_word' id='word_1_738' title='bbox 1482 4759 1636 4822; x_wconf 89' lang='lat' dir='ltr'><strong>immensus</strong></span> <span class='ocrx_word' id='word_1_739' title='bbox 1663 4773 1705 4824; x_wconf 90' lang='lat' dir='ltr'><strong>est</strong></span> <span class='ocrx_word' id='word_1_740' title='bbox 1731 4768 1789 4838; x_wconf 91' lang='lat' dir='ltr'><strong>ille,</strong></span> <span class='ocrx_word' id='word_1_741' title='bbox 1820 4786 1911 4844; x_wconf 84' lang='lat' dir='ltr'><strong>quem</strong></span> 
     </span>
    </p>
   </div>
   <div class='ocr_carea' id='block_1_15' title="bbox 731 4836 1913 5022">
    <p class='ocr_par' dir='ltr' id='par_1_16' title="bbox 731 4836 1913 5022">
     <span class='ocr_line' id='line_1_83' title="bbox 1098 4836 1912 4931; baseline 0.028 -37"><span class='ocrx_word' id='word_1_742' title='bbox 1098 4836 1220 4910; x_wconf 87' lang='lat' dir='ltr'><strong>judicem</strong></span> <span class='ocrx_word' id='word_1_743' title='bbox 1241 4843 1396 4914; x_wconf 89' lang='lat' dir='ltr'><strong>sperabant.</strong></span> <span class='ocrx_word' id='word_1_744' title='bbox 1412 4847 1497 4906; x_wconf 90' lang='lat' dir='ltr'><strong>Aliud</strong></span> <span class='ocrx_word' id='word_1_745' title='bbox 1512 4859 1553 4908; x_wconf 92' lang='lat' dir='ltr'><strong>est</strong></span> <span class='ocrx_word' id='word_1_746' title='bbox 1578 4853 1652 4910; x_wconf 91' lang='lat' dir='ltr'><strong>euim</strong></span> <span class='ocrx_word' id='word_1_747' title='bbox 1667 4853 1750 4912; x_wconf 89' lang='lat' dir='ltr'><strong>iidem</strong></span> <span class='ocrx_word' id='word_1_748' title='bbox 1765 4857 1912 4931; x_wconf 88' lang='lat' dir='ltr'><strong>accipere,</strong></span> 
     </span>
     <span class='ocr_line' id='line_1_84' title="bbox 731 4907 1913 5022; baseline 0.031 -51"><span class='ocrx_word' id='word_1_749' title='bbox 731 4907 811 4965; x_wconf 75' lang='lat' dir='ltr'><strong>vobis</strong></span> <span class='ocrx_word' id='word_1_750' title='bbox 841 4925 968 4982; x_wconf 64' lang='lat' dir='ltr'><strong>pastillos</strong></span> <span class='ocrx_word' id='word_1_751' title='bbox 996 4928 1047 4969; x_wconf 77' lang='lat'>110⁸</span> <span class='ocrx_word' id='word_1_752' title='bbox 1100 4935 1128 4983; x_wconf 92' lang='lat' dir='ltr'><strong>et</strong></span> <span class='ocrx_word' id='word_1_753' title='bbox 1141 4928 1219 4985; x_wconf 89' lang='lat' dir='ltr'><strong>aliud</strong></span> <span class='ocrx_word' id='word_1_754' title='bbox 1233 4933 1435 5004; x_wconf 86' lang='lat' dir='ltr'><strong>expositionem</strong></span> <span class='ocrx_word' id='word_1_755' title='bbox 1447 4937 1510 4995; x_wconf 83' lang='lat' dir='ltr'><strong>fidei</strong></span> <span class='ocrx_word' id='word_1_756' title='bbox 1528 4941 1636 5000; x_wconf 88' lang='lat' dir='ltr'><strong>:altera</strong></span> <span class='ocrx_word' id='word_1_757' title='bbox 1654 4945 1729 5002; x_wconf 89' lang='lat' dir='ltr'><strong>enim</strong></span> <span class='ocrx_word' id='word_1_758' title='bbox 1747 4947 1913 5022; x_wconf 90' lang='lat' dir='ltr'><strong>disputatio</strong></span> 
     </span>
    </p>
   </div>
   <div class='ocr_carea' id='block_1_16' title="bbox 1099 5017 1914 5200">
    <p class='ocr_par' dir='ltr' id='par_1_17' title="bbox 1099 5017 1914 5200">
     <span class='ocr_line' id='line_1_85' title="bbox 1100 5017 1914 5112; baseline 0.032 -40"><span class='ocrx_word' id='word_1_759' title='bbox 1100 5024 1140 5073; x_wconf 93' lang='lat' dir='ltr'><strong>est</strong></span> <span class='ocrx_word' id='word_1_760' title='bbox 1155 5017 1301 5078; x_wconf 89' lang='lat' dir='ltr'><strong>denatura</strong></span> <span class='ocrx_word' id='word_1_761' title='bbox 1314 5023 1403 5082; x_wconf 90' lang='lat' dir='ltr'><strong>Patris</strong></span> <span class='ocrx_word' id='word_1_762' title='bbox 1416 5034 1444 5083; x_wconf 91' lang='lat' dir='ltr'><strong>et</strong></span> <span class='ocrx_word' id='word_1_763' title='bbox 1458 5028 1534 5098; x_wconf 88' lang='lat' dir='ltr'><strong>Filii,</strong></span> <span class='ocrx_word' id='word_1_764' title='bbox 1550 5038 1578 5088; x_wconf 92' lang='lat' dir='ltr'><strong>et</strong></span> <span class='ocrx_word' id='word_1_765' title='bbox 1591 5033 1645 5090; x_wconf 90' lang='lat' dir='ltr'><strong>alia</strong></span> <span class='ocrx_word' id='word_1_766' title='bbox 1660 5034 1694 5092; x_wconf 93' lang='lat' dir='ltr'><strong>de</strong></span> <span class='ocrx_word' id='word_1_767' title='bbox 1704 5036 1831 5108; x_wconf 90' lang='lat' dir='ltr'><strong>personis</strong></span> <span class='ocrx_word' id='word_1_768' title='bbox 1847 5027 1914 5112; x_wconf 61' lang='lat'>(85.</span> 
     </span>
     <span class='ocr_line' id='line_1_86' title="bbox 1099 5107 1914 5200; baseline 0.027 -35"><span class='ocrx_word' id='word_1_769' title='bbox 1099 5107 1179 5166; x_wconf 87' lang='lat' dir='ltr'><strong>Pater</strong></span> <span class='ocrx_word' id='word_1_770' title='bbox 1193 5109 1332 5185; x_wconf 85' lang='lat' dir='ltr'><strong>ingenitus</strong></span> <span class='ocrx_word' id='word_1_771' title='bbox 1350 5122 1400 5185; x_wconf 90' lang='lat' dir='ltr'><strong>est,</strong></span> <span class='ocrx_word' id='word_1_772' title='bbox 1417 5115 1506 5176; x_wconf 82' lang='lat' dir='ltr'><strong>Filius</strong></span> <span class='ocrx_word' id='word_1_773' title='bbox 1524 5137 1593 5179; x_wconf 90' lang='lat' dir='ltr'><strong>vero</strong></span> <span class='ocrx_word' id='word_1_774' title='bbox 1615 5123 1746 5196; x_wconf 87' lang='lat' dir='ltr'><strong>genitus:</strong></span> <span class='ocrx_word' id='word_1_775' title='bbox 1763 5135 1914 5200; x_wconf 87' lang='lat' dir='ltr'><strong>quantum</strong></span> 
     </span>
    </p>
   </div>
   <div class='ocr_carea' id='block_1_17' title="bbox 1098 5198 1916 5284">
    <p class='ocr_par' dir='ltr' id='par_1_18' title="bbox 1098 5198 1916 5284">
     <span class='ocr_line' id='line_1_87' title="bbox 1098 5198 1916 5284; baseline 0.028 -30"><span class='ocrx_word' id='word_1_776' title='bbox 1098 5198 1132 5255; x_wconf 88' lang='lat' dir='ltr'><strong>ad</strong></span> <span class='ocrx_word' id='word_1_777' title='bbox 1147 5215 1276 5273; x_wconf 85' lang='lat' dir='ltr'><strong>personas</strong></span> <span class='ocrx_word' id='word_1_778' title='bbox 1297 5203 1430 5276; x_wconf 89' lang='lat' dir='ltr'><strong>pertinet,</strong></span> <span class='ocrx_word' id='word_1_779' title='bbox 1454 5206 1595 5267; x_wconf 91' lang='lat' dir='ltr'><strong>diversum</strong></span> <span class='ocrx_word' id='word_1_780' title='bbox 1623 5210 1745 5284; x_wconf 89' lang='lat' dir='ltr'><strong>videtur,</strong></span> <span class='ocrx_word' id='word_1_781' title='bbox 1769 5232 1833 5274; x_wconf 91' lang='lat' dir='ltr'><strong>cum</strong></span> <span class='ocrx_word' id='word_1_782' title='bbox 1868 5219 1916 5277; x_wconf 89' lang='lat' dir='ltr'><strong>sit</strong></span> 
     </span>
    </p>
   </div>
   <div class='ocr_carea' id='block_1_18' title="bbox 1098 5286 1917 5382">
    <p class='ocr_par' dir='ltr' id='par_1_19' title="bbox 1098 5286 1917 5382">
     <span class='ocr_line' id='line_1_88' title="bbox 1098 5286 1917 5382; baseline 0.029 -39"><span class='ocrx_word' id='word_1_783' title='bbox 1098 5286 1244 5346; x_wconf 91' lang='lat' dir='ltr'><strong>individua</strong></span> <span class='ocrx_word' id='word_1_784' title='bbox 1258 5291 1350 5350; x_wconf 89' lang='lat' dir='ltr'><strong>unitas</strong></span> <span class='ocrx_word' id='word_1_785' title='bbox 1366 5304 1490 5366; x_wconf 84' lang='lat' dir='ltr'><strong>naturae;</strong></span> <span class='ocrx_word' id='word_1_786' title='bbox 1506 5300 1600 5358; x_wconf 86' lang='lat' dir='ltr'><strong>unitas</strong></span> <span class='ocrx_word' id='word_1_787' title='bbox 1623 5303 1698 5360; x_wconf 88' lang='lat' dir='ltr'><strong>enim</strong></span> <span class='ocrx_word' id='word_1_788' title='bbox 1714 5321 1770 5361; x_wconf 92' lang='lat' dir='ltr'><strong>non</strong></span> <span class='ocrx_word' id='word_1_789' title='bbox 1785 5304 1815 5362; x_wconf 92' lang='lat' dir='ltr'><strong>in</strong></span> <span class='ocrx_word' id='word_1_790' title='bbox 1830 5323 1917 5382; x_wconf 87' lang='lat' dir='ltr'><strong>per—</strong></span> 
     </span>
    </p>
   </div>
   <div class='ocr_carea' id='block_1_19' title="bbox 898 5361 1917 5462">
    <p class='ocr_par' dir='ltr' id='par_1_20' title="bbox 898 5361 1917 5462">
     <span class='ocr_line' id='line_1_89' title="bbox 898 5361 1917 5462; baseline 0.027 -35"><span class='ocrx_word' id='word_1_791' title='bbox 898 5361 945 5434; x_wconf 75' lang='lat' dir='ltr'><strong>flui</strong></span> <span class='ocrx_word' id='word_1_792' title='bbox 968 5368 1044 5421; x_wconf 63' lang='lat' dir='ltr'><strong>lenia</strong></span> <span class='ocrx_word' id='word_1_793' title='bbox 1097 5390 1163 5432; x_wconf 91' lang='lat' dir='ltr'><strong>sona</strong></span> <span class='ocrx_word' id='word_1_794' title='bbox 1183 5385 1234 5446; x_wconf 91' lang='lat' dir='ltr'><strong>est,</strong></span> <span class='ocrx_word' id='word_1_795' title='bbox 1249 5378 1297 5436; x_wconf 88' lang='lat' dir='ltr'><strong>sed</strong></span> <span class='ocrx_word' id='word_1_796' title='bbox 1310 5380 1507 5442; x_wconf 90' lang='lat' dir='ltr'><strong>insubstantia</strong></span> <span class='ocrx_word' id='word_1_797' title='bbox 1522 5406 1529 5444; x_wconf 91' lang='lat'>:</span> <span class='ocrx_word' id='word_1_798' title='bbox 1545 5388 1665 5462; x_wconf 90' lang='lat' dir='ltr'><strong>Spiritus</strong></span> <span class='ocrx_word' id='word_1_799' title='bbox 1679 5399 1769 5449; x_wconf 88' lang='lat' dir='ltr'><strong>autem</strong></span> <span class='ocrx_word' id='word_1_800' title='bbox 1785 5403 1917 5456; x_wconf 86' lang='lat' dir='ltr'><strong>sanetus</strong></span> 
     </span>
    </p>
   </div>
   <div class='ocr_carea' id='block_1_20' title="bbox 243 5443 1916 5554">
    <p class='ocr_par' dir='ltr' id='par_1_21' title="bbox 243 5443 1916 5554">
     <span class='ocr_line' id='line_1_90' title="bbox 243 5443 1916 5554; baseline 0.024 -53"><span class='ocrx_word' id='word_1_801' title='bbox 243 5443 320 5519; x_wconf 89' lang='lat' dir='ltr'><strong>sigua</strong></span> <span class='ocrx_word' id='word_1_802' title='bbox 333 5447 465 5516; x_wconf 88' lang='lat' dir='ltr'><strong>facerent,</strong></span> <span class='ocrx_word' id='word_1_803' title='bbox 484 5447 634 5521; x_wconf 89' lang='lat' dir='ltr'><strong>aliquando</strong></span> <span class='ocrx_word' id='word_1_804' title='bbox 647 5447 855 5511; x_wconf 87' lang='lat' dir='ltr'><strong>infirmarentur</strong></span> <span class='ocrx_word' id='word_1_805' title='bbox 873 5471 879 5512; x_wconf 93' lang='lat'><strong>:</strong></span> <span class='ocrx_word' id='word_1_806' title='bbox 896 5455 936 5514; x_wconf 87' lang='lat' dir='ltr'><strong>ita</strong></span> <span class='ocrx_word' id='word_1_807' title='bbox 951 5456 1041 5518; x_wconf 90' lang='lat' dir='ltr'><strong>humi·</strong></span> <span class='ocrx_word' id='word_1_808' title='bbox 1096 5479 1152 5524; x_wconf 92' lang='lat' dir='ltr'><strong>non</strong></span> <span class='ocrx_word' id='word_1_809' title='bbox 1179 5465 1295 5540; x_wconf 90' lang='lat' dir='ltr'><strong>degener</strong></span> <span class='ocrx_word' id='word_1_810' title='bbox 1321 5479 1443 5544; x_wconf 90' lang='lat' dir='ltr'><strong>putetur,</strong></span> <span class='ocrx_word' id='word_1_811' title='bbox 1472 5475 1537 5549; x_wconf 86' lang='lat' dir='ltr'><strong>quia</strong></span> <span class='ocrx_word' id='word_1_812' title='bbox 1567 5479 1665 5538; x_wconf 87' lang='lat' dir='ltr'><strong>tertius</strong></span> <span class='ocrx_word' id='word_1_813' title='bbox 1694 5481 1817 5554; x_wconf 88' lang='lat' dir='ltr'><strong>ponitur.</strong></span> <span class='ocrx_word' id='word_1_814' title='bbox 1844 5483 1916 5554; x_wconf 74' lang='lat' dir='ltr'><strong>Qui</strong></span> 
     </span>
    </p>
   </div>
   <div class='ocr_carea' id='block_1_21' title="bbox 278 5633 938 5718">
    <p class='ocr_par' dir='ltr' id='par_1_22' title="bbox 278 5633 938 5718">
     <span class='ocr_line' id='line_1_91' title="bbox 278 5633 938 5718; baseline 0.024 -28"><span class='ocrx_word' id='word_1_815' title='bbox 278 5633 319 5708; x_wconf 87' lang='lat'><strong>(7)</strong></span> <span class='ocrx_word' id='word_1_816' title='bbox 334 5635 468 5697; x_wconf 87' lang='lat' dir='ltr'><strong>Nonnulli</strong></span> <span class='ocrx_word' id='word_1_817' title='bbox 481 5653 560 5710; x_wconf 86' lang='lat' dir='ltr'><strong>mss,</strong></span> <span class='ocrx_word' id='word_1_818' title='bbox 571 5654 702 5714; x_wconf 64' lang='lat' dir='ltr'><strong>putarer</strong></span> <span class='ocrx_word' id='word_1_819' title='bbox 714 5659 760 5701; x_wconf 87' lang='lat' dir='ltr'><strong>aus</strong></span> <span class='ocrx_word' id='word_1_820' title='bbox 771 5659 938 5718; x_wconf 78' lang='lat' dir='ltr'><strong>pressurum.</strong></span> 
     </span>
    </p>
   </div>
   <div class='ocr_carea' id='block_1_22' title="bbox 1130 5651 1756 5741">
    <p class='ocr_par' dir='ltr' id='par_1_23' title="bbox 1130 5651 1756 5741">
     <span class='ocr_line' id='line_1_92' title="bbox 1130 5651 1756 5741; baseline 0.034 -30"><span class='ocrx_word' id='word_1_821' title='bbox 1130 5651 1171 5728; x_wconf 78' lang='grc'><strong>(8)</strong></span> <span class='ocrx_word' id='word_1_822' title='bbox 1187 5655 1265 5716; x_wconf 85' lang='lat' dir='ltr'><strong>Rom.</strong></span> <span class='ocrx_word' id='word_1_823' title='bbox 1281 5658 1360 5732; x_wconf 84' lang='lat' dir='ltr'><strong>edit,</strong></span> <span class='ocrx_word' id='word_1_824' title='bbox 1375 5667 1402 5720; x_wconf 82' lang='lat' dir='ltr'><strong>ct</strong></span> <span class='ocrx_word' id='word_1_825' title='bbox 1411 5662 1478 5722; x_wconf 81' lang='lat' dir='ltr'><strong>Filii</strong></span> <span class='ocrx_word' id='word_1_826' title='bbox 1490 5671 1515 5724; x_wconf 89' lang='lat' dir='ltr'><strong>et</strong></span> <span class='ocrx_word' id='word_1_827' title='bbox 1528 5666 1647 5741; x_wconf 69' lang='lat' dir='ltr'><strong>spiritur</strong></span> <span class='ocrx_word' id='word_1_828' title='bbox 1661 5669 1756 5732; x_wconf 75' lang='lat' dir='ltr'><strong>mooli.</strong></span> 
     </span>
    </p>
   </div>
   <div class='ocr_carea' id='block_1_23' title="bbox 0 0 2044 6186">
    <p class='ocr_par' dir='ltr' id='par_1_24' title="bbox 0 0 2044 6186">
     <span class='ocr_line' id='line_1_93' title="bbox 0 0 2044 6186; baseline 0 1"><span class='ocrx_word' id='word_1_829' title='bbox 0 0 2044 6186; x_wconf 95' lang='lat' dir='ltr'><strong> </strong></span> 
     </span>
    </p>
   </div>
  </div>
 </body>
</html>
