4038 6168
105 342 159 398 925

558 336 786 395 BERENGAUDI
804 335 992 393 Enenstrto
1009 336 1045 392 IN
1063 335 1317 394 APOCALYPSIN.

1708 341 1761 400 926

104 466 198 522 ctione
214 471 344 537 perpetua
359 462 512 532 damnavit,
532 479 564 520 eo
579 463 652 536 quod
667 462 768 518 inillis
782 461 902 520 fructum
918 467 943 526 Α
995 462 1086 534 (Vere.
1101 461 1142 534 l.)
1159 463 1194 518 Et
1212 461 1305 518 oudini
1319 477 1458 517 nanterum
1473 467 1647 534 agnnbrum,
1658 471 1762 520 centrum

103 555 170 612 fidei
187 552 294 609 nullum
311 554 464 625 reperisset.

141 645 256 704 CAPUT
271 645 332 702 Vll.
352 675 388 688 -
403 645 494 716 (Vers.
512 644 550 716 1.)
567 647 630 701 Post
646 646 699 700 leae
713 643 768 698 uidi
790 649 906 713 quatuor

103 737 213 808 nrrgelos
231 742 329 792 strantes
351 751 431 807 super
459 741 575 806 quotuor
601 737 712 806 nnqttlos
739 740 824 790 tetre
852 734 905 789 Ju-

103 828 228 884 daeorum
243 825 397 897 dejectione
405 824 554 897 premissa,
570 840 644 880 nunc
655 825 773 898 qualiter
783 823 905 879 Ecclesia

103 934 139 972 ex
154 915 283 988 gentibus
296 923 459 986 congregata
478 915 572 983 suerit,
591 930 700 970 narrare
718 914 838 970 inchoat.
854 914 905 968 Per

103 1014 225 1079 quatuor
239 1005 339 1078 quippe
354 1006 466 1076 angelos
480 1012 598 1077 quatuor
617 1020 699 1076 regna
713 1003 903 1075 designantur,

104 1097 285 1170 Assyriorum
309 1095 425 1162 scilicet,
452 1095 605 1161 Persarum,
621 1093 800 1149 Macedonum
823 1102 905 1166 atque

104 1189 304 1244 Romanorum.
329 1185 379 1241 Sed
405 1183 470 1258 quia
488 1193 606 1256 potestas
620 1191 738 1257 quatuor
757 1199 904 1254 regnorum

102 1276 139 1332 ad
162 1277 237 1332 solos
260 1276 397 1332 Romanos
422 1276 576 1343 transierat,
597 1291 644 1347 per
663 1281 781 1347 quatuor
797 1273 907 1346 angelos

103 1367 157 1422 soli
175 1365 291 1423 Romani
306 1365 510 1438 intelliguntur,
524 1366 570 1438 qni
587 1373 745 1437 potestatem
762 1363 815 1419 sibi
834 1379 907 1436 qua-

103 1466 171 1513 tuor
185 1472 330 1528 regnorum
346 1455 568 1514 vindicaverant:
587 1472 634 1528 per
648 1462 765 1527 quatuor
780 1471 845 1510 vero
860 1471 906 1511 an·

103 1551 185 1620 gulos
211 1547 347 1602 universae
368 1554 470 1619 gentes,
497 1562 557 1618 qnae
582 1545 653 1600 intra
677 1551 794 1616 quatuor
809 1544 905 1600 mundi

103 1638 199 1708 plagas
214 1633 402 1699 continentur,
427 1633 616 1705 designantur,
632 1650 699 1706 quas
714 1633 767 1689 sibi
788 1632 905 1690 Romani

103 1725 290 1798 subjecerant.
318 1725 439 1781 Tenentes
460 1731 575 1795 quatuor
600 1731 686 1778 neruos
702 1730 787 1790 terete,
803 1741 835 1777 ne
849 1725 905 1793 lin-

960 551 1139 621 qnndtugt'ntn
1164 557 1280 621 quatuor
1303 552 1391 606 millia
1414 552 1512 623 siponti
1534 570 1567 608 en
1594 554 1665 608 ontni
1689 554 1760 609 tribu

959 641 1077 711 filiorum
1102 641 1198 696 lsrael.
1229 641 1280 696 Per
1303 651 1412 698 eentum
1439 640 1618 715 quadraginta
1642 652 1760 717 quatuor

960 731 1048 786 millia
1063 731 1205 803 praesentis
1220 732 1349 789 Ecclesiae
1368 733 1447 789 electi
1466 733 1662 807 designantur;
1685 733 1761 790 duo-

959 819 1050 876 decies
1073 836 1190 894 namque
1212 820 1332 878 duodeni
1351 822 1421 878 liunt
1446 830 1556 878 centum
1579 821 1761 894 quadraginta

960 918 1087 982 quatuor.
1115 909 1217 967 Omnes
1243 911 1328 984 igitur
1343 912 1389 984 qui
1413 911 1493 968 sulem
1515 911 1662 969 duodecim
1687 929 1759 985 apo-

960 1000 1093 1055 stolorum
1117 1000 1291 1068 custodiunt,
1316 1011 1447 1074 actusque
1472 1001 1628 1070 imitantur,
1653 1003 1683 1059 in
1707 1003 1760 1060 hoc

960 1105 1075 1144 numero
1090 1089 1254 1146 consistunt.
1281 1090 1333 1146 Sed
1353 1092 1530 1163 quaerendum
1550 1093 1629 1156 nobis
1643 1101 1695 1160 est,
1711 1109 1760 1151 cur

961 1180 1086 1236 exomni
1107 1179 1181 1236 tribu
1205 1181 1326 1238 liliorum
1349 1182 1430 1238 lsrael
1452 1184 1609 1256 congregati
1631 1201 1688 1241 esse
1711 1184 1760 1240 di-

960 1277 1067 1337 cantur,
1092 1286 1155 1326 eunt
1183 1272 1271 1328 multo
1295 1271 1387 1344 plures
1409 1288 1443 1328 ex
1467 1273 1594 1344 gentibus
1619 1291 1700 1348 quam
1725 1292 1760 1333 ex

960 1356 1062 1413 ludaeis
1072 1358 1248 1417 credideriut.
1263 1361 1366 1416 Verum
1377 1361 1400 1418 si
1417 1361 1657 1435 interpretationes
1673 1364 1759 1420 nomi·

961 1463 1026 1502 num
1046 1446 1225 1517 attendimus,
1244 1449 1272 1504 in
1296 1450 1457 1507 nominibus
1471 1451 1616 1508 duodecim
1634 1451 1759 1508 tribuum

960 1552 1055 1592 ornnes
1065 1538 1166 1594 electos
1182 1539 1349 1609 reperiemus
1361 1541 1420 1612 (81)
1433 1560 1439 1605 ;
1456 1542 1569 1597 nomina
1582 1542 1683 1616 quippe
1694 1542 1760 1599 duo·

960 1625 1049 1683 decim
1068 1627 1194 1684 tribuunt
1209 1629 1241 1684 ad
1255 1645 1350 1686 omnes
1364 1631 1465 1688 electos
1480 1631 1628 1704 pertinent.

997 1727 1088 1798 (Vera.
1108 1727 1187 1798 5-8.)
1214 1729 1259 1782 Ειι
1281 1729 1353 1784 triba
1370 1730 1440 1784 indo
1458 1730 1593 1785 ‹ltindeet'm
1611 1730 1698 1786 mt'llt'o
1717 1731 1760 1786 st'-

103 1823 164 1870 verat
183 1831 263 1886 suaper
277 1821 386 1882 terrent,
401 1831 483 1885 neque
494 1831 573 1885 super
588 1831 669 1880 mure,
686 1830 767 1884 neque
781 1815 808 1867 in
821 1815 905 1868 ullam
921 1839 945 1900 B
959 1816 1055 1885 gnoti:
1079 1833 1112 1870 er
1137 1817 1210 1872 tribu
1226 1817 1316 1874 Ruben
1331 1817 1467 1872 duodecim
1489 1819 1576 1873 trtillio
1590 1819 1687 1888 siponti
1703 1835 1711 1872 :
1728 1836 1761 1874 ec

102 1907 239 1960 arborem.
256 1906 307 1960 Per
321 1913 418 1960 ventos
438 1904 485 1978 qui
508 1904 595 1960 nubes
614 1904 746 1972 excitant,
761 1912 792 1958 ut
805 1911 906 1958 terram

103 1995 253 2066 irrigantes
277 1994 374 2051 taciem
400 1994 458 2066 ojus
482 1993 596 2051 hilarem
613 1993 739 2062 reddant,
754 2008 786 2048 ao
805 1991 907 2048 fructi-

104 2086 194 2140 feram
216 2083 329 2152 laniarat,
346 2101 398 2156 pax
418 2084 526 2140 cunctis
546 2102 572 2140 nr
585 2083 709 2139 »rtalibus
722 2089 815 2154 optata
829 2080 907 2138 desi-

103 2185 291 2248 gnatosque
316 2182 343 2231 et
372 2183 476 2230 urentes
505 2174 649 2230 hominurn
674 2172 805 2241 laetificat,
830 2180 857 2228 et
876 2179 907 2228 ut

104 2267 228 2340 propriis
245 2265 414 2323 utilitatibus
433 2266 598 2334 deserviant,
615 2267 771 2322 facultatem
788 2265 904 2322 tribuit:

104 2374 154 2430 per
177 2367 277 2413 terram
297 2365 324 2414 et
348 2373 422 2413 mare
444 2372 539 2413 omnes
562 2364 655 2428 gentes
677 2356 844 2428 ligurantur,
860 2373 908 2428 per

102 2444 218 2500 arbores
240 2452 343 2512 autem,
366 2443 384 2498 ii
400 2444 447 2517 qni
469 2443 541 2498 inter
561 2459 607 2499 eos
630 2442 814 2516 principatum
833 2451 906 2500 tene·

104 2533 186 2588 liant.
201 2531 325 2599 Quatuor
339 2549 403 2605 ergo
417 2533 507 2604 angeli
520 2539 638 2604 quatuor
655 2542 751 2588 ventos
767 2532 906 2600 tenebant,

962 1905 1033 1959 triber
1049 1906 1107 1961 Gnd
1124 1907 1260 1961 duodecim
1288 1908 1376 1964 millio
1399 1908 1519 1980 signati:
1545 1926 1577 1963 es
1599 1909 1668 1963 tribu
1693 1909 1762 1964 Aser

961 1993 1095 2048 duodecim
1120 1995 1206 2050 millio
1231 1995 1346 2065 signali:
1373 2015 1405 2051 ea
1422 1997 1493 2052 tribu
1514 1998 1683 2068 Il'eplrtlrnlt'm
1697 1998 1761 2052 dao-

961 2082 1042 2136 decim
1065 2082 1154 2138 millio
1181 2083 1301 2155 signati:
1334 2101 1366 2139 ex
1390 2086 1462 2140 tribu
1482 2087 1605 2142 llonosse
1627 2086 1762 2142 duodecim

962 2171 1049 2226 suillis
1072 2171 1191 2242 signati:
1223 2191 1255 2228 ea
1285 2173 1356 2228 tribu
1382 2175 1486 2230 Simeon
1514 2174 1649 2228 duodecim
1673 2174 1761 2231 millia
1822 2161 1825 2167 Δ

961 2260 1078 2330 signati:
1100 2279 1132 2316 ea
1147 2261 1219 2317 tribu
1234 2263 1296 2318 leni
1319 2263 1455 2318 duodecim
1479 2263 1567 2319 millio
1584 2263 1682 2335 signati
1698 2281 1706 2319 :
1729 2281 1762 2320 ea

963 2350 1034 2405 tribu
1061 2353 1186 2408 lassabor
1208 2352 1343 2408 duodecim
1366 2353 1455 2409 millio
1478 2353 1596 2423 siprtnti:
1631 2370 1663 2408 ea
1691 2353 1762 2408 tribu

961 2441 1085 2498 Zabulon
1108 2442 1242 2498 duodecim
1263 2443 1350 2500 ntillie
1372 2443 1492 2514 signati:
1518 2461 1551 2498 ea
1575 2443 1647 2498 tribe
1666 2441 1761 2513 Joseplt

962 2532 1096 2586 duodecim
1119 2533 1208 2587 millia
1232 2533 1351 2604 signali:
1380 2551 1412 2588 es
1436 2533 1508 2588 tribu
1525 2530 1667 2600 Benjnmr'n
1690 2531 1761 2586 ἄιο-

105 2638 143 2677 ne
168 2620 267 2677 llarent
288 2637 370 2694 super
396 2629 516 2688 terram;
544 2621 608 2694 quia
632 2621 758 2690 Romani,
786 2621 833 2694 qni
861 2637 908 2693 per
961 2621 1041 2676 decim
1070 2621 1158 2676 nrillio
1187 2621 1293 2692 nigranti.
1323 2620 1393 2676 Juda
1421 2621 1497 2692 prior
1525 2620 1655 2691 ponitur,
1683 2618 1760 2674 Ben-

104 2717 230 2780 quatuor
243 2711 355 2781 angelos
368 2707 557 2781 designantur,
577 2724 687 2764 onmem
702 2716 801 2764 terram
824 2708 907 2766 cadi·
959 2711 1047 2784 jamin
1062 2729 1128 2768 vero
1143 2712 1279 2768 ultimus:
1305 2710 1379 2784 quod
1398 2710 1421 2766 si
1444 2709 1684 2783 interpretationes
1704 2723 1759 2764 no·

105 2799 173 2867 bus,
197 2807 224 2854 et
247 2799 361 2872 rapinis,
386 2806 413 2854 et
432 2799 568 2856 mortibus
592 2798 738 2856 hominurn
761 2799 907 2871 replentes,
962 2788 1069 2857 minum
1097 2800 1232 2873 inspicere
1256 2800 1437 2868 voluerimus,
1464 2799 1564 2856 ludam
1587 2797 1758 2867 interiorem,

104 2904 166 2944 non
190 2887 316 2946 sinebant
342 2903 427 2962 genus
450 2887 602 2944 humanum
631 2897 755 2960 pacatum
785 2903 844 2944 esse
877 2903 909 2944 ao
963 2891 1107 2963 Bonjamin
1119 2907 1184 2946 vero
1197 2891 1365 2963 superiorem
1381 2889 1620 2963 reperimus(82);
1637 2886 1759 2962 namqui
1849 2925 1851 2931 ι

103 2977 247 3051 quietum.

146 3067 239 3138 (Vera.
256 3067 295 3140 1.)
311 3069 347 3124 Et
367 3067 421 3124 vidi
443 3068 557 3124 alterum
579 3068 701 3140 angelum
719 3067 909 3124 &scandentem
962 3071 1015 3143 pit,
1041 3079 1073 3127 nt
1095 3069 1228 3142 gradatim
1254 3070 1401 3128 crescendo
1426 3069 1459 3126 ad
1478 3067 1581 3141 majora
1606 3067 1759 3140 perveniat,
1830 3119 1832 3124 .

102 3159 141 3215 alr
157 3163 220 3213 ortu
240 3158 580 3231 catalaunensem
604 3159 654 3215 Dei
675 3158 738 3213 nini.
760 3157 838 3213 Alter
854 3171 909 3212 an·
963 3159 1035 3216 siout
1050 3159 1119 3216 dicit
1141 3158 1285 3215 Psalmista
1303 3177 1308 3214 :
1336 3185 1345 3207 ι
1365 3159 1447 3216 lbunt
1461 3159 1548 3214 sancti
1564 3156 1598 3214 de
1612 3156 1715 3212 virtute
1730 3155 1760 3211 in

104 3247 188 3320 gelus
212 3245 338 3304 Christus
353 3255 403 3317 est,
423 3247 528 3321 dequo
546 3247 751 3320 scriptumest:
776 3246 835 3300 «Et
853 3261 910 3300 vo·
964 3249 1095 3304 virtutem
1121 3251 1208 3320 (Psnl.
1235 3266 1354 3318 cxxxiii,
1378 3249 1418 3320 8).
1446 3273 1455 3295 ι
1485 3249 1522 3304 Et
1538 3248 1603 3321 quia
1623 3246 1710 3304 monti
1725 3244 1760 3302 ad

103 3336 220 3393 cabitur
242 3353 343 3394 nomen
365 3337 424 3410 ejus
445 3339 536 3412 magni
560 3339 669 3396 consilii
698 3338 820 3410 Angelus
840 3337 908 3408 (Iso.
962 3341 1049 3396 Deum
1065 3355 1113 3410 per
1135 3338 1187 3394 iter
1211 3338 1346 3394 virtutum
1370 3336 1568 3406 conscendunt,
1593 3335 1758 3410 subjungit:

962 2983 996 3038 ad
1010 2983 1098 3037 Deum
1113 2980 1297 3038 conscendere
1309 2981 1463 3050 desiderat,
1486 2997 1501 3036 a
1518 2979 1672 3036 minoribus
1687 2977 1759 3034 inci·

103 3442 150 3492 rx,
163 3425 204 3496 6).
221 3450 229 3472 ·
249 3427 309 3498 lpse
327 3435 368 3484 est
380 3428 432 3497 sol,
448 3429 481 3484 de
495 3445 550 3501 quo
565 3428 697 3500 scriptum
713 3436 772 3484 est:
795 3451 804 3475 ι
823 3425 910 3482 Vobis

103 3521 202 3572 autern
218 3515 380 3572 timentibus
393 3532 494 3572 nomen
509 3533 600 3573 nucum
617 3516 770 3572 orietursol
782 3513 908 3587 justitie,

103 3613 137 3661 et
149 3605 255 3664 sanitas
270 3608 298 3662 in
319 3607 415 3679 pennis
427 3607 486 3680 ejus
502 3608 628 3680 (Molnclt.
646 3625 684 3675 rv,
701 3607 741 3679 2).
760 3632 769 3654 ι
791 3605 833 3662 Ab
847 3614 910 3662 ortu

104 3695 181 3751 solis
194 3694 321 3752 Christus
331 3697 483 3767 descendit,
507 3697 535 3754 id
557 3704 609 3766 est,
625 3715 640 3754 a
654 3697 818 3769 semetipso:
835 3711 910 3768 quo-

105 3785 188 3840 niam
202 3800 257 3840 non
276 3801 311 3840 ex
326 3786 476 3843 concubitu
489 3787 543 3842 viri
558 3803 668 3844 carnem
684 3786 840 3858 assumpsit,
862 3785 909 3842 sud

105 3891 126 3929 a
137 3873 296 3945 semetipso,
312 3879 358 3948 qui
375 3877 470 3948 utique
497 3875 550 3932 sibi
569 3892 678 3932 carnem
705 3876 908 3932 immaculatam

105 3979 146 4018 cx
156 3979 239 4020 cerne
251 3964 375 4036 Virginis
384 3966 497 4022 creavit.
507 3966 621 4038 Signum
633 3973 723 4022 autem
737 3966 787 4022 Dei
804 3965 860 4020 vivi
870 3971 911 4020 est

108 4051 264 4108 divinitas:
281 4070 344 4110 narn
360 4053 390 4108 in
413 4071 494 4112 carne
515 4055 631 4128 positus,
648 4056 755 4128 signum
781 4054 830 4110 Dei
850 4053 910 4109 vivi

107 4141 229 4210 habuit;
253 4142 317 4216 quia
340 4159 372 4200 ea
396 4160 477 4216 opera
492 4144 574 4216 gessit
597 4160 657 4216 quae
686 4143 911 4201 demonstrabant

105 4247 175 4288 eum
202 4231 316 4288 unicum
344 4249 402 4290 esse
430 4234 532 4290 Filium
554 4233 615 4300 Dei,
646 4233 718 4290 sicut
740 4233 798 4307 ipse
817 4234 908 4291 dicit:

116 4348 126 4370 ·
147 4323 237 4395 Opera
251 4339 311 4396 quaa
326 4340 376 4396 ego
389 4324 470 4393 tanin,
486 4323 544 4397 ipsa
559 4323 748 4380 testimonium
763 4324 910 4396 perhibent

104 4410 144 4468 de
160 4427 204 4468 me
218 4413 312 4480 (Jocn.
329 4429 357 4480 x,
373 4413 431 4484 25).
447 4436 457 4459 ι

147 4505 241 4578 (Vera.
257 4507 297 4579 3.)
319 4509 356 4564 st
374 4509 499 4564 clcnmnit
525 4525 583 4564 noce
603 4525 698 4581 snagan
725 4517 842 4580 quatuor
856 4529 911 4566 nn-

970 3427 1236 3486 «videaturunus
1259 3426 1373 3484 deorum
1394 3426 1424 3482 in
1450 3427 1516 3483 Sion
1535 3427 1668 3498 (Ibid.).·
1690 3424 1760 3482 luda

963 3518 1100 3576 confessio
1124 3517 1331 3590 interpretatur.
1356 3516 1426 3573 luda
1448 3533 1512 3589 ergo
1535 3516 1611 3589 prior
1624 3516 1757 3588 ponitur:

963 3607 1028 3681 qnia
1043 3607 1200 3681 quicunque
1216 3616 1277 3678 post
1291 3615 1402 3679 peccata
1416 3606 1451 3662 ad
1470 3608 1557 3662 Deum
1571 3605 1696 3662 converti
1711 3604 1761 3661 de·

963 3697 1075 3766 siderat,
1087 3713 1196 3754 necesse
1208 3705 1249 3753 est
1261 3704 1293 3752 ut
1307 3697 1384 3769 prius
1399 3695 1563 3754 confiteatur
1577 3703 1684 3768 peccate
1700 3710 1760 3764 sua,

963 3785 1035 3842 sicut
1049 3785 1118 3842 dicit
1139 3784 1255 3842 lacobus
1268 3781 1431 3859 apostolus:
1456 3810 1465 3832 «
1485 3783 1662 3842 Confiteminl
1677 3784 1760 3840 alter·

964 3881 1057 3930 utrum
1073 3883 1183 3947 peccata
1198 3883 1298 3940 vestra,
1315 3883 1342 3930 et
1358 3883 1433 3930 orato
1448 3890 1498 3946 pro
1513 3874 1643 3940 invicem,
1660 3880 1691 3928 ut
1705 3873 1759 3929 sal·

964 3961 1068 4019 semini
1084 3963 1153 4034 (Ιαι.
1167 3979 1196 4030 v,
1212 3962 1267 4034 16),
1284 3987 1293 4009 ι
1313 3962 1443 4019 videlicet
1457 3971 1488 4018 ut
1503 3979 1550 4036 per
1560 3962 1760 4018 contessionem

964 4057 1137 4125 peccatorum
1153 4057 1180 4106 et
1197 4050 1387 4123 poenitentiam
1411 4053 1499 4108 Deum
1521 4050 1574 4106 sibi
1598 4048 1759 4121 placabilem

964 4138 1056 4207 faciat,
1069 4155 1149 4211 quem
1165 4139 1325 4196 offenderat.
1346 4140 1382 4195 Et
1396 4139 1460 4213 quia
1474 4138 1521 4212 qui
1536 4136 1682 4193 salubriter
1696 4150 1760 4207 pte-

964 4229 1044 4298 nitet,
1060 4237 1086 4286 et
1109 4231 1190 4288 dellet
1214 4231 1286 4287 mala
1308 4246 1368 4303 quse
1391 4231 1467 4300 tecit,
1492 4227 1622 4304 gaudium
1645 4225 1672 4284 in
1688 4225 1759 4284 coelo

964 4320 1040 4389 facit,
1067 4322 1163 4378 oculos
1186 4318 1382 4377 misericordia
1403 4320 1437 4377 ad
1461 4335 1490 4376 se
1513 4317 1662 4386 convertit,
1688 4317 1761 4373 siout

964 4409 1034 4467 dicit
1053 4411 1208 4468 Dominus:
1233 4409 1460 4468 ‹Convertinrini
1479 4409 1514 4466 ad
1531 4425 1585 4478 me,
1601 4418 1628 4466 et
1649 4425 1698 4482 ego
1721 4424 1761 4466 re·

965 4509 1057 4556 vertar
1070 4499 1105 4558 ad
1126 4517 1175 4557 vos
1200 4500 1295 4574 (chlr.
1308 4518 1328 4569 s,
1344 4501 1384 4573 3).
1402 4524 1411 4547 ι
1434 4499 1530 4558 Ruben
1553 4497 1690 4556 secundus
1713 4513 1760 4571 po·

103 4595 177 4668 getis
195 4594 290 4665 quibua
304 4597 444 4652 detumeat
463 4615 554 4653 nocere
570 4605 647 4654 terrie
660 4606 686 4655 et
706 4601 784 4666 neeri,
803 4602 908 4656 dicens:
924 4587 949 4645 D
965 4591 1051 4660 nitur,
1063 4590 1110 4664 (lui
1120 4590 1237 4647 1113101118
1248 4590 1323 4647 filius
1339 4591 1550 4662 interpretatur;
1567 4589 1632 4662 quia
1645 4605 1694 4663 per
1704 4605 1759 4662 1³⁰³·

105 4683 200 4740 rl'olite
223 4699 314 4739 nocere
335 4691 412 4740 terite
433 4692 457 4741 et
473 4689 542 4743 errori
565 4705 645 4758 neque
667 4690 818 4759 arboribus,
839 4708 911 4762 qno-

103 4773 232 4844 adnsqae
262 4774 392 4846 ιίρηιιιιιιι
419 4792 507 4832 aarum
533 4779 582 4834 Dei
609 4781 693 4836 nostri
727 4780 755 4834 in
777 4780 911 4849 [rostribus

103 4878 214 4918 eorum.
242 4862 379 4922 Claritasse
398 4865 449 4922 Dei
472 4866 568 4924 iecisse
590 4877 640 4938 est,
665 4871 766 4926 etenim
790 4870 912 4928 adventu

103 4967 161 5008 sno
177 4949 243 5007 iecit
256 4961 287 5008 ut
301 4949 417 5010 Romani
433 4955 467 5012 ab
487 4955 662 5014 intestatione
675 4959 781 5030 generis
797 4961 910 5017 burnani

102 5050 260 5110 cessarem,
298 5043 429 5118 fieretque
456 5063 509 5118 pax
534 5063 582 5118 per
610 5047 769 5104 universnm
803 5051 909 5120 orbern,

102 5133 184 5191 sicut
212 5131 282 5190 dicit
308 5133 467 5191 Psalnrista:
503 5159 513 5183 ι
540 5135 651 5193 Orietur
675 5137 704 5192 in
731 5136 828 5194 diebus
851 5137 910 5210 ejus

96 5221 221 5295 justitia
253 5232 280 5280 et
309 5223 479 5280 abundantia
505 5225 580 5298 pacis
609 5227 697 5296 (Prot.
725 5243 802 5295 cxxi,
831 5229 870 5299 7),
894 5252 904 5275 ·

101 5313 201 5370 donec
230 5315 336 5371 semina
364 5315 430 5371 fidei
453 5331 501 5388 per
538 5315 680 5372 universas
706 5325 799 5390 gentes
831 5334 912 5391 spar-

102 5410 252 5474 gerentur,
284 5421 316 5460 ao
344 5405 486 5478 signaculo
515 5405 580 5461 fidei
609 5406 629 5461 ii
658 5407 704 5479 qui
735 5407 912 5480 preordinati

102 5499 191 5548 erant
204 5491 238 5548 ad
251 5493 337 5549 vitam
354 5504 497 5563 aternam,
512 5495 697 5568 signarentur.

149 5633 209 5706 (81)
232 5633 320 5704 Edit,
351 5636 487 5693 duodecim
512 5637 638 5706 tribuum,
660 5655 747 5694 omma
772 5641 913 5698 adelemm

103 5705 227 5778 pertinet
235 5723 246 5772 ;
261 5705 308 5764 sed
324 5707 413 5767 locum
431 5707 513 5768 nobis
527 5725 593 5768 mss.
613 5711 803 5770 restituerunt.

965 4680 1108 4735 nitentiam
1125 4679 1241 4736 visionis
1264 4680 1353 4737 iactus
1372 4687 1413 4736 est
1435 4679 1520 4747 lilius,
1543 4680 1590 4752 qni
1607 4685 1666 4734 erat
1680 4685 1760 4736 antea

965 4766 1039 4824 lilius
1061 4769 1234 4840 perditionis.
1260 4771 1323 4826 Post
1346 4770 1443 4827 Ruben
1466 4769 1524 4827 Gad
1549 4767 1685 4841 sequitur,
1712 4767 1759 4842 qni

964 4859 1104 4916 accinctus
1126 4859 1341 4932 interpretatur;
1366 4860 1431 4934 quia
1453 4877 1562 4918 necesse
1582 4869 1633 4930 est,
1657 4869 1689 4918 nt
1712 4861 1760 4935 qni

965 4949 1078 5021 poenitet
1103 4963 1131 5004 se
1160 4949 1231 5005 mala
1253 4949 1375 5021 gessisse,
1400 4957 1427 5006 et
1452 4950 1521 5022 petit
1548 4967 1582 5007 ne
1610 4953 1639 5008 in
1665 4949 1760 5008 eadem

965 5037 1111 5106 relabatur,
1126 5045 1222 5094 contra
1231 5039 1325 5094 omnia
1337 5038 1406 5094 vitia
1415 5045 1539 5096 armetur
1550 5041 1761 5113 voluptatesque

964 5126 1086 5182 carnales
1106 5143 1122 5183 a
1145 5143 1173 5183 se
1192 5127 1343 5199 praecidat:
1363 5129 1427 5202 quia
1442 5145 1497 5185 non
1512 5137 1601 5202 potest
1617 5128 1675 5184 lieri
1692 5134 1723 5183 ut
1743 5142 1759 5182 a

965 5215 1083 5288 peccatis
1104 5214 1249 5282 abstineat,
1273 5216 1320 5290 qui
1343 5217 1373 5274 in
1389 5219 1578 5292 voluptatibus
1599 5214 1758 5274 carnalibus

966 5306 1126 5378 requiescit.

1001 5409 1037 5464 Et
1057 5410 1122 5483 quia
1144 5411 1192 5486 qui
1216 5421 1312 5470 contra
1332 5412 1401 5468 vitia
1425 5417 1526 5484 pugnat
1548 5409 1679 5476 viriliter,
1701 5405 1758 5480 jam

965 5495 1061 5554 beatus
1082 5516 1140 5557 csse
1163 5502 1277 5576 incipit;
1301 5505 1370 5560 Aser
1393 5501 1422 5557 in
1445 5501 1541 5558 ordine
1564 5498 1689 5573 ponitur,
1712 5498 1761 5572 qni

1003 5643 1061 5714 (82)
1072 5645 1113 5700 lta
1125 5661 1200 5712 mss.;
1210 5645 1346 5701 edit.vero
1356 5661 1361 5699 :
1371 5642 1471 5698 ludam
1481 5640 1672 5711 litterionemin
1681 5642 1761 5713 peani-

967 5715 1062 5772 tentio:
1073 5716 1214 5790 beniamin
1221 5731 1281 5774 uero
1291 5713 1456 5788 superiorem
1465 5713 1609 5788 repertam
1618 5711 1648 5768 in
1658 5713 1761 5786 patrm
