4122 6192
232 251 267 306 67
741 246 789 301 ΑΙ)
810 242 928 300 OPERA
946 241 974 296 S.
995 238 1163 298 Adbuostl
1181 238 1374 296 APPnanll.
1848 237 1885 295 68

233 371 310 444 pejor
328 387 387 430 esse
400 370 632 444 deprehendatur.
648 368 731 427 Fallit
743 367 828 434 enim,
842 373 874 422 ut
888 365 953 421 dum
973 379 1030 436 pu·
1043 371 1069 429 Α
1084 363 1323 434 contemnendam,
1339 378 1416 436 quasi
1442 376 1497 418 uon
1512 367 1654 418 curantem
1676 375 1719 416 res
1736 359 1890 424 humanas:

233 460 353 518 nieudus
365 461 410 529 sit,
426 459 531 516 bonore
545 459 646 532 dignus
662 463 798 531 appareat.

270 551 361 619 (Vers.
390 551 431 622 Ξ.)
468 550 605 607 «Scimus
628 557 718 606 autem
746 545 876 620 quoniam
894 542 1033 616 judicium

233 641 282 700 bei
298 651 339 698 est
348 640 499 698 secundum
517 639 660 696 veritatem
677 638 706 692 in
715 652 761 691 eos
774 635 822 708 qui
836 633 903 690 talia
912 643 1028 705 agunt.-

233 731 291 788 Hoc
305 741 355 800 est,
379 747 435 788 non
458 731 616 803 ignoramus
638 731 723 784 Deum
737 725 926 798 judicaturum
942 724 976 780 de
992 721 1035 778 his

234 820 263 876 in
284 820 411 888 ueritate,
432 819 543 895 qnando
565 803 687 889 nosipsi
710 815 744 872 de
763 814 807 870 his
821 812 989 886 judicamus.
1006 809 1035 867 Si

234 909 308 966 enim
327 909 407 967 nobis
424 908 562 980 displicet,
578 912 681 977 quanto
702 902 787 975 magis
801 905 868 968 lieo,
884 899 932 974 qui
950 900 1036 971 magis

231 997 323 1071 justus
345 1005 431 1055 estet
455 1012 523 1069 opus
547 1011 628 1051 suum
649 994 773 1051 zelaturl
793 993 824 1048 ln
841 991 955 1048 ueritate
972 991 1035 1062 crgo

234 1104 296 1143 cum
313 1086 381 1143 dicit
394 1085 584 1156 judicaturum
604 1084 691 1137 Deum
712 1081 746 1138 de
764 1080 820 1149 bis,
840 1087 973 1136 terrorem
987 1081 1036 1135 in-

233 1176 321 1239 cutit;
346 1183 377 1230 ut
397 1189 477 1247 quem
499 1171 528 1227 hi
547 1169 645 1244 persidi
668 1170 839 1228 incuriosum
858 1169 967 1238 dicunt,
983 1171 1036 1226 iste

234 1265 323 1321 malos
346 1263 498 1320 secundum
516 1260 662 1317 ueritatem
683 1261 757 1316 dicat
767 1259 969 1332 judicaturum,
984 1260 1036 1318 hoc

234 1362 285 1421 est,
303 1352 446 1408 verissime
470 1350 583 1406 reddere
599 1350 749 1406 secundum
765 1365 922 1406 mensuram
941 1350 1035 1407 unius-

234 1443 368 1516 cujusque
390 1451 417 1500 et
432 1458 487 1498 non
501 1457 620 1516 parcere.
888 1488 900 1512 ,

229 1601 235 1608 ι
271 1532 420 1605 (versi.)
453 1530 629 1586 -Existinras
644 1537 734 1585 autem
755 1530 819 1598 boc,
839 1547 855 1586 o
878 1529 971 1598 bomo,
988 1529 1036 1604 qui

231 1624 341 1697 judicas
356 1623 389 1680 de
408 1622 443 1679 iis
465 1622 513 1694 qui
527 1621 593 1676 talia
607 1630 702 1693 agunt,
725 1628 752 1677 et
775 1620 842 1677 iacis
857 1637 906 1688 ea;
928 1620 994 1693 quia
1006 1627 1036 1676 tu

235 1714 349 1787 effugies
365 1711 504 1786 judicium
524 1711 600 1767 usit
621 1735 631 1758 »
663 1711 720 1768 Hoc
743 1719 795 1779 est,
817 1711 953 1784 numquid
972 1710 1075 1798 quiaB

233 1804 284 1862 tibi
296 1819 411 1860 examen
427 1801 521 1859 datum
539 1808 580 1857 est
590 1801 734 1874 potestatis
745 1800 892 1873 judicandi
908 1801 1037 1857 damulis

233 1904 261 1952 et
277 1893 389 1966 stupris,
415 1908 478 1950 curu
500 1891 594 1948 eadem
611 1908 683 1964 agas.
705 1899 733 1948 et
756 1908 812 1947 non
835 1898 876 1948 est
897 1890 945 1965 qui
961 1900 988 1954 te
1002 1889 1036 1946 ad

233 1997 354 2056 praesens
369 1981 488 2054 judicet,
507 1980 620 2052 ellugies
639 1979 778 2052 judicium
800 1981 876 2037 Dei?
891 1981 951 2037 Non
975 1979 1036 2035 uti-

234 2088 305 2146 que;
326 2071 391 2145 quia
414 2071 436 2127 si
449 2070 588 2143 judicium
607 2070 657 2125 llei
673 2069 819 2126 inmundo
833 2069 956 2137 evasisti,
972 2069 1037 2143 quia

236 2167 328 2224 curnis
349 2167 407 2224 haec
431 2173 549 2238 potestas
569 2174 596 2222 et
616 2163 753 2237 judicium
769 2163 803 2220 ab
826 2179 858 2219 eo
878 2171 928 2222 est.
951 2162 978 2218 in
995 2163 1036 2218 lu-

236 2265 329 2314 turum
350 2272 405 2312 non
430 2255 528 2312 evades
553 2254 624 2326 (63).
650 2254 700 2309 Per
723 2271 751 2310 se
773 2252 847 2309 enim
861 2251 1037 2324 judicaturus

234 2356 277 2404 est
297 2348 381 2414 Deus,
396 2344 468 2417 apud
483 2360 564 2417 quem
580 2352 667 2399 cessat
679 2341 802 2398 adulatio
812 2349 840 2398 et
858 2358 1036 2414 personarum

234 2435 367 2509 acceptio.
379 2439 436 2491 Aut
446 2441 518 2490 certe
530 2431 666 2504 sijustum
678 2433 761 2488 alicui
772 2431 893 2500 videtur,
903 2441 933 2488 ut
944 2431 1037 2502 hujus·

235 2524 311 2582 arodi
324 2523 459 2581 immunis
472 2540 488 2580 a
504 2539 583 2595 [loelllt
593 2524 638 2587 sit,
652 2523 736 2580 dicat.
752 2522 865 2590 Quodsi
879 2521 985 2593 justum
997 2529 1037 2578 est

1088 454 1226 528 intelligat
1239 462 1331 512 autem
1347 453 1409 510 ideo
1428 467 1443 508 a
1466 467 1494 508 se
1515 449 1694 518 dissimulari,
1710 451 1775 523 quia
1791 451 1892 507 nonin

1089 544 1140 602 bac
1155 545 1212 602 vita
1223 543 1360 616 judicium
1377 542 1425 599 liei
1441 541 1608 614 promissum
1619 547 1660 596 est
1670 540 1806 608 futurum,
1823 540 1893 598 utin

1089 643 1206 692 uentura
1221 636 1280 692 uita
1292 634 1425 708 paeniteat
1440 633 1519 688 illum
1532 629 1654 702 judicem
1669 631 1757 687 Deum
1768 644 1892 688 nonore·

1090 724 1192 781 didisse
1208 724 1268 796 (dit
1285 744 1290 780 :
1307 725 1338 780 in
1351 739 1431 796 pana
1445 722 1519 778 enim
1535 723 1642 794 positus
1657 719 1716 776 sine
1731 719 1822 775 fructu
1837 735 1893 792 poe·

1091 814 1224 881 nitentia,
1252 813 1415 885 paninum
1444 811 1588 884 quianon
1610 807 1730 867 credidit
1750 806 1892 880 judicium

1090 903 1150 970 Dei,
1165 902 1238 976 qnod
1253 903 1331 959 uidet
1345 917 1451 958 uerum.
1469 901 1582 958 Necesse
1597 909 1638 956 est
1660 897 1733 956 enim
1754 904 1785 954 ιιι
1800 897 1893 956 acrius

1060 991 1262 1063 ‘errrendetun
1304 995 1361 1050 imo
1399 993 1488 1066 poenis
1521 991 1688 1065 perennibus
1719 997 1892 1062 torqueatur,

1091 1100 1172 1158 quem
1187 1084 1328 1157 patientiae
1344 1083 1540 1156 longanimitas
1553 1098 1610 1138 non
1624 1080 1792 1139 emendavit.
1810 1080 1893 1138 Seue·

1090 1173 1199 1229 tissime
1214 1173 1345 1248 loquitur,
1357 1172 1447 1230 sciens
1458 1173 1606 1244 malignam
1616 1179 1736 1228 mentem
1746 1185 1803 1227 nou
1812 1185 1893 1244 posse

1091 1262 1144 1319 nisi
1160 1261 1259 1318 timore
1272 1279 1288 1317 a
1302 1261 1380 1319 uitiis
1393 1261 1475 1318 facile
1489 1260 1623 1318 revocari.

1128 1352 1220 1426 (Vers.
1236 1353 1264 1420 6,
1282 1352 1323 1424 6.)
1347 1375 1356 1400 ι
1372 1351 1529 1408 Secundum
1543 1351 1675 1408 duritiam
1698 1360 1788 1410 autem
1804 1361 1892 1422 tuam,

1090 1449 1117 1497 et
1136 1441 1312 1513 impoenitens
1330 1457 1377 1498 cor
1391 1441 1560 1499 thezaurizas
1579 1439 1630 1498 tibi
1644 1439 1714 1496 iram
1727 1441 1756 1498 in
1771 1441 1816 1498 die
1833 1443 1892 1513 ire,

1091 1538 1118 1587 et
1132 1530 1309 1588 revelationis
1327 1530 1397 1604 justi
1410 1530 1511 1605 judicii
1527 1529 1589 1598 Dei,
1604 1527 1651 1604 qui
1668 1528 1763 1587 reddet
1776 1530 1894 1588 unicui-

1090 1636 1143 1693 quc
1161 1621 1313 1678 secundum
1337 1637 1420 1694 opera
1444 1637 1533 1678 sua·
1561 1619 1757 1692 Impunitatem
1780 1636 1894 1694 sperans

1090 1721 1274 1785 peccatorum,
1304 1728 1360 1768 non
1389 1713 1478 1770 solum
1508 1711 1590 1768 durat
1618 1709 1841 1770 inconvertibilis
1865 1717 1894 1768 et

1091 1801 1276 1859 intractabilis
1293 1818 1425 1860 manens:
1450 1799 1498 1858 sed
1519 1800 1611 1858 adbuc
1635 1799 1763 1856 acerbius
1786 1809 1891 1870 peccat,

1091 1906 1203 1950 maurus
1216 1891 1290 1966 quod
1312 1908 1369 1950 non
1392 1892 1428 1950 sit
1442 1891 1514 1949 ultio
1531 1890 1634 1960 lutura,
1653 1905 1701 1946 cor
1718 1887 1822 1946 habens
1834 1889 1894 1946 im-

1091 1983 1238 2056 poenitens,
1267 1983 1397 2054 ignorans
1424 1982 1489 2056 quia
1512 1980 1581 2038 iram
1608 1980 1661 2038 sibi
1689 1989 1835 2053 congregat
1863 1979 1892 2036 in

1091 2076 1137 2134 die
1148 2078 1205 2134 ira.
1222 2076 1335 2134 Necesse
1352 2083 1393 2132 est
1407 2074 1481 2130 eninr
1490 2074 1600 2132 saniori
1616 2085 1735 2148 posnaut
1745 2074 1892 2145 plectatur,

1091 2166 1148 2225 imo
1168 2167 1286 2226 flammis
1311 2165 1479 2240 perennibus
1499 2172 1668 2240 torqueatur,
1685 2164 1732 2238 qai
1749 2164 1828 2237 longa
1842 2164 1893 2220 Dei

1092 2258 1225 2332 patientia
1244 2274 1300 2315 non
1315 2258 1404 2314 solum
1420 2272 1448 2314 sc
1462 2256 1608 2313 emendare
1620 2255 1721 2322 noluit,
1736 2253 1783 2311 sed
1802 2253 1894 2311 adbuc

1091 2347 1194 2405 addens
1213 2348 1247 2406 ad
1271 2354 1461 2421 contemptum
1485 2345 1661 2419 exaggeravit
1683 2353 1803 2418 peccata.
1828 2343 1894 2401 Dies

1092 2439 1139 2495 irae
1154 2449 1196 2496 est
1211 2438 1412 2512 peccatoribus,
1437 2453 1491 2512 quo
1506 2438 1669 2511 punientur;
1686 2435 1749 2492 idea
1766 2434 1833 2508 ipsis
1851 2444 1893 2492 est

1092 2529 1143 2596 ira,
1158 2529 1222 2602 quia
1242 2529 1301 2600 (66)
1325 2527 1450 2585 sentiunt
1469 2543 1577 2600 pmnam
1602 2527 1631 2583 in
1654 2527 1699 2583 die
1714 2525 1892 2582 revelationis

236 2620 268 2670 ul
282 2630 337 2670 non
352 2612 460 2680 eladii,
472 2613 565 2669 credat
575 2611 860 2684 Dssuffll'udlssalssruffl
874 2618 955 2678 ;11tel
965 2611 1037 2684 quod
1089 2615 1158 2688 justi
1176 2616 1275 2690 judicii
1291 2616 1351 2673 Dei.
1369 2616 1545 2674 Revelabitur
1559 2616 1643 2684 enim,
1661 2615 1689 2672 id
1708 2622 1749 2672 est
1764 2629 1892 2687 agnosce·

234 2700 338 2775 justum
354 2701 525 2773 essejudicat
538 2717 634 2772 uorum
646 2701 692 2768 sit,
707 2709 734 2756 et
744 2700 900 2772 impleatur,
913 2702 1037 2757 ellicum
1092 2713 1147 2774 tur,
1162 2706 1236 2780 quod
1253 2705 1334 2762 modo
1353 2705 1477 2762 laturum
1494 2712 1626 2776 negatur;
1644 2703 1759 2776 ideoque
1772 2719 1834 2760 cunr
1849 2719 1892 2760 os·

237 2793 409 2849 conditorem
441 2791 537 2847 mundi
560 2790 738 2864 prouidenter
762 2798 789 2845 et
815 2790 923 2847 curiose
947 2789 1038 2862 operis
1092 2796 1226 2863 tenditur,
1256 2795 1330 2868 quod
1354 2811 1410 2850 non
1432 2811 1490 2850 osse
1514 2794 1647 2862 ereditur,
1672 2802 1820 2849 reueletur.
1843 2791 1893 2848 llis

238 2881 281 2938 sui
310 2883 410 2938 merita
436 2881 574 2954 requirere
603 2880 732 2936 fateatur.
758 2880 785 2936 Si
815 2881 887 2936 enim
916 2880 982 2936 iecit
1012 2887 1039 2936 et
1092 2884 1164 2941 enim
1180 2883 1345 2954 ostenditur,
1360 2883 1407 2957 qui
1425 2891 1535 2954 negant,
1551 2882 1625 2956 quod
1648 2881 1823 2938 credentibus
1837 2895 1893 2936 rna·

237 2971 363 3040 negligit,
389 2972 478 3026 malus
502 2969 596 3040 opilex
622 2969 749 3036 dicitur,
769 2970 838 3041 quia·
855 2985 903 3040 per
922 2969 951 3024 id
964 2969 1037 3041 quod
1092 2977 1223 3033 niiestum
1243 2983 1303 3043 est;
1330 2982 1361 3030 ul
1380 2973 1566 3031 confiteantur
1587 2971 1669 3030 etiam
1686 2972 1767 3029 insiti
1783 2971 1892 3043 justum

235 3058 360 3130 666666,
384 3057 533 3113 1¹⁰¹1b0¹¹³
557 3073 584 3112 ⁸⁹
600 3055 706 3125 [96636
722 3074 783 3130 (lssffi
804 3058 880 3126 fecii,
897 3059 1036 3124 Ositssdsti
1053 3067 1227 3166 Cjudicium
1262 3067 1323 3135 liei,
1351 3083 1415 3123 cum
1440 3064 1591 3138 unicuique
1617 3063 1713 3121 reddet
1738 3061 1890 3120 meandum

235 3149 283 3204 sed
297 3147 362 3219 quia
383 3147 455 3202 bona
477 3145 573 3200 fecisse
589 3145 681 3215 negari
697 3161 753 3200 non
773 3154 861 3217 potest
878 3146 1036 3218 (indignum

235 3247 276 3295 est
292 3239 365 3294 eninr
379 3241 406 3292 et
419 3235 601 3308 improbabile
611 3235 715 3292 bonum
726 3237 798 3292 uiala
812 3236 931 3309 fecisse),
942 3254 1036 3293 curum

235 3343 330 3384 eorum
354 3341 463 3383 necesse
478 3334 518 3382 est
539 3335 571 3383 ut
594 3325 704 3382 dicatur
725 3343 822 3398 agere;
844 3328 909 3400 quia
934 3334 1038 3382 contu-

235 3419 318 3473 melia
339 3415 399 3488 ejus
421 3416 474 3473 erit
496 3424 524 3472 et
547 3415 696 3485 accusatio,
722 3416 746 3471 si
763 3418 898 3473 bonorum
923 3432 984 3472 ase
999 3415 1037 3471 ia·

235 3522 342 3572 clarum
359 3513 500 3584 negligens
517 3510 682 3580 inducatur;
703 3510 804 3585 quippe
819 3527 880 3568 cum
894 3509 953 3582 ejus
968 3521 1038 3568 nutu

235 3617 268 3658 ac
282 3601 456 3674 providentia
470 3601 529 3656 vita
543 3601 601 3673 ipsa
619 3608 787 3656 sustentetur
802 3599 956 3656 ministerio
978 3601 1038 3656 ele-

235 3699 403 3760 mentorum,
425 3692 496 3748 sicut
519 3690 576 3762 ipse
594 3689 731 3747 Dominus
745 3689 832 3746 dicit:
860 3689 936 3758 «Qui
951 3691 1037 3746 solem

236 3795 316 3836 suum
330 3779 398 3837 oriri
421 3781 488 3837 facit
501 3795 583 3853 super
596 3779 683 3836 bonos
703 3789 731 3837 et
747 3780 844 3848 malos,
863 3787 890 3836 et
904 3785 951 3842 37
966 3779 1038 3854 pluit

235 3891 317 3949 super
331 3875 422 3949 justos
436 3886 463 3934 et
486 3876 603 3948 injustos
623 3877 732 3948 (Molli.
747 3894 774 3945 v,
792 3876 849 3948 lb).
869 3902 878 3926 ι
906 3879 959 3945 Qui
974 3892 1037 3948 ergo

235 3975 348 4040 prestat
375 3983 481 4037 curam,
508 3982 564 4022 non
587 3966 643 4038 agit
673 3981 836 4023 conservare
860 3967 934 4040 quod
959 3967 1036 4035 lecit,

235 4067 267 4115 ut
297 4069 421 4117 amantes
457 4053 489 4116 so‘
521 4067 690 4128 remuneret,
725 4069 937 4132 spernentesque
972 4076 1036 4116 con·

235 4148 371 4211 deuincti

272 4239 415 4314 (versi.)
438 4242 500 4297 «An
514 4241 628 4299 divitias
637 4237 850 4313 bonitatisque,
860 4247 888 4296 et
897 4239 1036 4314 patientie

235 4340 263 4388 et
296 4332 513 4404 longanimitatis
545 4335 710 4403 contemnis,
744 4333 873 4405 ignorans
904 4333 1036 4407 quoniam

234 4419 345 4478 bonitas
366 4421 416 4478 Dei
441 4421 475 4478 ad
501 4423 690 4493 paenitentiam
718 4431 744 4479 te
767 4422 944 4495 prouocati·
971 4421 1035 4478 Hac

235 4509 315 4579 dicit,
329 4518 361 4567 ut
375 4525 431 4566 non
442 4510 498 4582 jam
515 4527 543 4566 se
560 4520 637 4582 putet
649 4511 779 4577 evasisse,
792 4512 814 4566 si
830 4512 911 4567 illum
925 4509 1034 4568 bouitas

234 4599 285 4656 liei
296 4601 401 4673 patitur
407 4599 457 4658 diu
467 4610 624 4673 peccantem
639 4619 645 4658 :
660 4600 877 4673 necpatientiam
888 4600 948 4674 ejus
958 4610 1035 4675 putet

1092 3173 1174 3229 opera
1201 3175 1258 3216 sua.
1288 3157 1429 3231 Numquid
1454 3172 1509 3212 non
1542 3155 1602 3212 hac
1625 3154 1785 3212 fatebuntur
1815 3152 1892 3225 juste

1091 3247 1151 3305 lieri
1167 3249 1237 3320 (66),
1251 3264 1314 3305 cum
1328 3245 1450 3303 viderint
1464 3245 1536 3302 mala
1550 3244 1669 3302 inuicem
1684 3243 1756 3302 iacta
1769 3243 1893 3301 ulciscil

1129 3338 1219 3410 (Vere.
1233 3339 1271 3410 7.)
1293 3337 1348 3392 ιιίε
1363 3336 1410 3410 qui
1421 3334 1570 3392 secundum
1582 3333 1741 3408 patientiam
1753 3333 1891 3406 boni-ope·

1092 3427 1142 3496 ris,
1150 3427 1265 3499 gloriam
1277 3435 1304 3484 et
1317 3426 1461 3493 honorem,
1473 3434 1499 3482 et
1510 3425 1757 3498 incorruptionem,
1768 3439 1891 3498 quaren-

1091 3517 1420 3576 tiburnamurbem·
1437 3515 1573 3584 Quoniam
1578 3515 1715 3589 judicium
1726 3516 1777 3572 liei
1783 3515 1891 3588 justum

1092 3607 1330 3681 praedicaminum,
1346 3606 1426 3680 quale
1440 3616 1531 3663 autem
1542 3606 1623 3662 bonis
1638 3605 1762 3662 futurum
1775 3612 1826 3674 est,
1837 3604 1892 3661 de-

1092 3701 1207 3757 claravit
1222 3699 1281 3771 (67)
1295 3719 1301 3756 :
1313 3699 1364 3756 hos
1378 3699 1448 3757 dicit
1457 3700 1516 3774 qui,
1531 3699 1690 3772 patientiam
1701 3698 1751 3756 Dei
1762 3700 1889 3768 scientes,

1092 3790 1191 3863 partim
1200 3788 1452 3862 adcorreptionem,
1462 3789 1559 3862 purtim
1571 3789 1605 3846 ad
1616 3788 1745 3862 majorem
1753 3789 1890 3845 ultionem

1092 3896 1148 3936 non
1159 3895 1188 3936 se
1198 3879 1395 3952 corrigentium
1410 3877 1552 3952 protelari,
1567 3879 1691 3952 priorum
1707 3893 1820 3952 operum
1831 3893 1891 3951 pm·

1091 3969 1210 4026 nitentes
1228 3969 1297 4026 bene
1315 3979 1469 4038 versamur,
1483 3949 1549 4026 ‘freti
1568 3967 1670 4027 fiducia
1683 3967 1771 4036 fidei;
1791 3965 1891 4024 nediu

1091 4059 1138 4116 hic
1149 4060 1230 4133 positi
1249 4059 1380 4116 damnum
1402 4059 1544 4116 incurrant
1563 4059 1792 4134 promissevitar.
1806 4056 1889 4114 Dabit

1091 4163 1154 4221 ergo
1177 4149 1216 4206 eis
1246 4147 1384 4220 «gloriam
1409 4157 1436 4206 et
1455 4147 1625 4206 bonorem».
1646 4150 1682 4206 Et
1706 4163 1740 4204 ne
1761 4161 1816 4202 non
1835 4145 1890 4204 hoc

1090 4239 1171 4296 ualde
1196 4255 1326 4312 magnum
1348 4239 1381 4296 ad
1405 4239 1636 4313 comparationem
1658 4239 1801 4312 praesentis
1823 4238 1890 4296 vite

1090 4328 1241 4398 videretur,
1256 4329 1321 4401 quia
1334 4335 1361 4384 et
1378 4327 1425 4385 hic
1440 4329 1551 4400 gloriosi
1561 4327 1693 4385 videntur
1706 4335 1733 4384 et
1747 4325 1887 4398 honorati,

1090 4417 1216 4490 adjecit:
1246 4441 1255 4466 ι
1281 4418 1316 4475 Et
1345 4417 1623 4490 incorruptionem·
1660 4425 1691 4475 ut
1714 4433 1749 4474 ex
1777 4433 1809 4474 eo
1834 4415 1888 4473 alia

1090 4507 1177 4580 gloria
1201 4518 1228 4566 et
1242 4509 1311 4566 alter
1326 4507 1415 4565 bonor
1437 4508 1648 4580 intelligeretur,
1663 4506 1773 4582 quando
1789 4508 1889 4566 incor-

1088 4597 1180 4671 ruptio
1194 4598 1278 4656 simul
1293 4596 1480 4657 comitabitur.
1504 4598 1534 4654 ln
1554 4597 1682 4672 prasenti
1704 4595 1778 4652 enim
1798 4595 1888 4653 bonor

273 4813 332 4888 (63)
352 4815 402 4872 lis.
426 4814 520 4886 Corb,
545 4817 603 4874 Non
622 4819 678 4873 oull
691 4816 771 4886 buius
793 4816 834 4872 rei
851 4815 1035 4889 impunitatem
1084 4817 1219 4890 peccandi,
1235 4816 1300 4887 qnia
1314 4816 1537 4886 longanimitatem
1552 4812 1736 4871 bonitatisllei
1746 4811 1886 4870 ridendam

234 4887 268 4944 ab
281 4888 322 4942 luis
336 4905 453 4958 sperare,
469 4890 533 4960 qaia
544 4889 671 4958 injustum
686 4896 723 4944 est
737 4890 831 4960 quibus
841 4907 951 4944 scarnen
961 4896 1032 4970 pole·
1084 4889 1199 4961 putauit.
1216 4889 1332 4954 Necesse,
1349 4896 1401 4944 etc.

235 4960 311 5015 statis
327 4960 417 5014 ιιαιιιιιι
429 4965 467 5014 est
480 4962 511 5015 de
524 4961 602 5016 riualis
615 4963 654 5016 oei
668 4961 769 5032 stupris
788 4961 940 5029 hujusumodi
951 4961 1034 5030 Juni-

235 5048 305 5099 carn,
325 5046 383 5085 min
397 5031 450 5086 sini
472 5034 545 5099 inies,
568 5033 688 5103 effugere.
705 5032 774 5100 Quia
795 5034 914 5101 sideest,
936 5033 1032 5103 iuquit,

234 5104 398 5184 adpraesens
411 5105 456 5172 qui
470 5104 501 5158 de
521 5103 659 5173 tajadicot,
675 5106 785 5175 affugere
804 5111 890 5159 tamen
900 5104 1033 5174 judicium

234 5175 284 5232 Der
297 5191 351 5228 nou
386 5174 466 5228 oleris
482 5175 510 5228 iu
523 5174 626 5245 sutura.

272 5245 337 5374 (lily⁸
376 5263 412 5302 ss.
435 5246 551 5327 ilerrrig,
574 5245 668 5313 Curb,
692 5245 799 5302 Tbnan.
823 5254 850 5303 et
870 5246 960 5316 Colb.‚
979 5264 1033 5303 non

235 5320 307 5374 credi
327 5335 388 5386 asse,
400 5333 447 5388 qui
470 5325 499 5372 ut
512 5325 640 5373 terraram
659 5317 748 5388 [nturi
767 5318 866 5388 judieii
887 5319 929 5374 aui
943 5325 1033 5374 osmu-

236 5390 315 5457 deuel,
331 5395 354 5445 el
367 5389 524 5461 patientiam
547 5406 601 5444 non
614 5391 836 5455 conteumendam
852 5391 913 5447 ait:
941 5391 1031 5459 Tacui,

235 5462 365 5541 numquid
378 5478 479 5534 semper
501 5461 609 5517 tacebo?
629 5461 789 5530 Huiusmodi
802 5479 863 5542 ergo
884 5463 913 5516 in
929 5460 1032 5530 judicio

233 5538 336 5602 positus
359 5535 415 5589 sine
437 5532 529 5604 [ructu
549 5533 691 5606 penitebit,
716 5534 806 5588 cidens
823 5532 957 5604 judicium
971 5533 1031 5602 Dei,

235 5601 306 5672 quod
325 5605 437 5674 negauit,
460 5604 585 5676 futurum
596 5622 607 5670 ;
626 5609 655 5659 ut
673 5619 718 5659 nee
735 5605 863 5676 pudorem
885 5605 978 5661 bobum
990 5604 1032 5660 de·

1125 4961 1183 5031 (65)
1203 4963 1280 5016 Rom.
1298 4959 1376 5026 edit,
1392 4958 1449 5012 ideo
1466 4956 1547 5024 lapsis
1567 4957 1744 5027 estmagni,
1764 4964 1816 5012 etc.
1833 4955 1887 5013 Se-

1088 5032 1182 5105 quenti
1198 5040 1288 5087 autem
1309 5046 1390 5086 versu
1402 5045 1452 5084 ms.
1469 5028 1573 5101 Remig.
1592 5036 1619 5084 et
1628 5027 1708 5084 Corb.
1721 5027 1780 5084 bac
1792 5027 1884 5082 ellert:

1086 5104 1304 5173 Marrilestabilur
1318 5118 1387 5156 eriam
1401 5099 1472 5170 quod
1492 5101 1569 5155 ruodo
1582 5099 1706 5170 fauturum
1720 5106 1841 5170 negatur,
1859 5107 1887 5153 ut

1086 5176 1260 5246 corrfiteanlur
1274 5174 1352 5229 sliam
1366 5172 1442 5226 inuiti
1451 5169 1555 5240 justum
1565 5170 1698 5240 judicium
1714 5170 1774 5238 Dei,
1789 5170 1887 5225 ciden-

1088 5252 1123 5302 tes
1137 5247 1213 5301 reddi
1229 5245 1368 5315 unicuique
1389 5243 1530 5299 secundum
1550 5259 1631 5315 opera
1653 5258 1713 5299 sua.
1730 5243 1768 5298 lie
1780 5242 1886 5314 quidem

1086 5318 1133 5389 qui
1146 5317 1285 5373 secundum
1298 5315 1463 5388 patientiam,
1479 5323 1532 5372 etc.

1135 5391 1181 5462 66)
1198 5387 1330 5445 Nonnulli
1342 5403 1418 5456 mss,
1431 5403 1485 5442 non
1498 5385 1648 5458 effabuntur
1658 5383 1730 5454 juste
1742 5385 1813 5457 lieri.

1135 5462 1182 5534 67)
1204 5462 1282 5518 ιιοιιι.
1307 5459 1386 5528 edit,
1407 5459 1511 5528 iustum
1531 5457 1697 5540 predicavit,
1720 5471 1790 5512 nune
1805 5455 1886 5527 quale

1086 5531 1160 5588 boreis
1172 5531 1296 5603 {uturum
1314 5537 1360 5602 eal,
1376 5531 1506 5597 declarat,
1519 5529 1553 5585 ius
1564 5529 1693 5585 uidelicet.
