4038 6168
131 374 201 436 1017
576 374 805 434 astanetum
823 373 1011 434 EXPOSITIO
1029 373 1064 432 IN
1083 373 1334 434 APOCALYPSIN.
1711 373 1779 431 1018

131 505 237 564 dictum
251 501 380 570 videtur;
396 517 428 558 eo
443 500 517 576 quod
531 517 587 559 non
600 518 695 561 omnes
720 502 794 560 beati
807 503 864 561 sint
877 503 925 576 qui
941 504 1080 567 Aelectos
1098 503 1325 576 comprehendit;
1342 517 1438 559 omnes
1451 517 1571 576 namque
1584 501 1677 574 electi,
1693 517 1779 561 sacer·

131 611 180 670 per
192 592 362 666 baptismum
378 597 488 648 amorte
503 591 602 650 animae
614 607 756 667 resurgere
771 593 924 660 videntur3
983 595 1060 652 dotes
1074 601 1218 663 vocantur,
1234 593 1293 650 sive
1316 591 1389 666 qnod
1408 592 1464 649 sint
1478 591 1601 648 membra
1615 591 1717 648 summi
1732 608 1781 649 sa-

131 700 163 743 eo
190 681 265 758 quod
288 681 417 738 nonnulli
433 685 506 744 572
530 689 592 755 post
609 682 778 757 baptismum
803 682 854 756 ipsi
875 681 928 738 sibi
982 684 1111 754 cerdotis,
1126 684 1184 741 sive
1210 683 1283 757 quod
1303 683 1357 756 ipsi
1380 681 1540 755 semetipsos
1553 681 1651 739 offerre
1663 683 1720 741 Deo
1733 697 1781 755 per

131 778 269 854 peccando
292 784 408 834 mortem
423 778 577 849 attrahunt,
606 778 765 837 mentiendo
779 795 839 854 quae
853 778 883 835 in
897 794 929 834 eo
983 775 1056 834 bona
1069 791 1151 848 opera
1165 792 1221 832 non
1240 774 1382 832 desistant.

131 868 328 943 promiserunt,
357 876 439 942 atque
468 867 497 924 in
524 868 580 925 suis
607 870 688 926 malis
718 867 927 941 perseverando.
1020 865 1111 937 (Vers.
1129 865 1167 938 7.)
1183 865 1221 921 Et
1242 881 1300 920 cum
1318 863 1491 921 consummati
1505 861 1779 934 [amolmillecnnd

131 960 202 1016 Sunt
216 959 299 1015 etiam
314 957 443 1015 nonnulli
466 958 513 1031 qui
537 967 600 1030 post
622 959 851 1034 perpetrationem
866 974 929 1015 sce-
983 955 1098 1010 soluetur
1121 960 1229 1010 somnos
1247 955 1279 1010 dc
1302 970 1406 1010 carcere
1428 971 1486 1022 suc,
1505 958 1529 1009 et
1549 952 1677 1018 ecidit,et
1699 951 1782 1007 seda-

130 1046 344 1120 lerum,qnibus
358 1045 412 1103 sibi
427 1053 543 1102 mortem
560 1047 725 1117 intulerunt,
740 1047 870 1104 advitam
882 1062 930 1120 per
983 1052 1021 1101 cet
1045 1051 1139 1117 pentes,
1155 1061 1213 1116 quc
1232 1051 1294 1100 suot
1319 1061 1398 1115 snper
1419 1049 1535 1115 grmtuor
1557 1043 1668 1114 angulos
1691 1045 1779 1110 terro,

131 1136 333 1211 poenitentiam,
353 1142 380 1192 et
406 1136 552 1209 lacrymas,
578 1143 729 1210 caeteraque
753 1136 826 1192 bona
847 1152 929 1210 opera
986 1135 1040 1206 (loy
1064 1141 1088 1190 et
1109 1135 1213 1206 Mogog.
1229 1133 1309 1203 Quod
1327 1133 1373 1192 hic
1396 1149 1498 1200 carcer,
1515 1131 1642 1205 superius
1666 1129 1782 1202 abyssus

131 1227 258 1296 redeunt,
287 1224 322 1281 de
348 1225 449 1298 quibus
477 1225 626 1298 Apostolus
650 1225 783 1298 loquitur,
810 1227 927 1284 dicens:
983 1235 1107 1283 vocatur.
1138 1225 1191 1282 Sed
1218 1224 1329 1281 interim
1358 1223 1474 1297 quaestio
1503 1221 1592 1278 oritur
1621 1240 1627 1277 ς
1655 1218 1782 1294 superius

138 1340 147 1362 ·
169 1314 265 1386 Surge,
280 1314 329 1386 qui
343 1311 458 1382 dormis,
472 1321 500 1370 et
513 1329 660 1386 exsurges
683 1315 810 1383 mortuis,
825 1322 853 1371 et
866 1315 929 1371 illu·
983 1317 1084 1390 quippe
1092 1315 1273 1389 quorumdam
1282 1313 1440 1388 opinionem
1449 1311 1642 1388 sequens,dixi
1648 1325 1696 1382 per
1702 1308 1782 1381 abys-

132 1402 250 1459 minabit
264 1409 291 1459 te
312 1401 441 1460 Christus
455 1403 564 1474 (pres.
576 1418 605 1472 v,
618 1401 695 1474 tlt.»
716 1401 768 1459 Sed
783 1419 834 1462 nco
847 1403 928 1460 istam
983 1422 1044 1462 sum
1060 1405 1143 1463 corda
1157 1405 1307 1477 impiorum
1322 1419 1400 1476 posse
1413 1402 1562 1475 designari,
1575 1402 1605 1457 in
1617 1397 1781 1473 quibusdia·

132 1492 248 1565 primam
268 1491 498 1549 resurrectionem
522 1490 613 1548 dicere
631 1507 792 1566 possumns3
809 1509 841 1549 eo
855 1492 929 1566 quod
982 1493 1064 1551 bolus
1078 1510 1094 1549 a
1107 1490 1237 1550 cordibus
1250 1491 1375 1549 fidelium
1389 1492 1531 1566 expulsus,
1548 1490 1678 1562 religatus
1691 1496 1782 1546 tenea·

133 1585 222 1658 primo
246 1599 295 1655 per
319 1581 498 1655 baptismum,
519 1582 641 1640 secundo
665 1599 713 1656 pcr
738 1583 929 1656 poenitentiam
983 1591 1029 1640 tur
1045 1601 1051 1640 :
1068 1583 1091 1639 si
1113 1598 1176 1654 ergo
1195 1597 1243 1656 per
1266 1582 1396 1656 abyssum
1420 1582 1503 1660 corda
1526 1580 1705 1655 reproborum
1729 1575 1783 1634 de-

131 1683 157 1731 ct
179 1675 315 1746 lacrymas
340 1672 440 1730 animm
466 1679 566 1730 nostrae
593 1673 728 1730 advitam
754 1679 928 1730 revocentur.
984 1673 1137 1747 signantur,
1152 1670 1290 1746 quomodo
1309 1671 1343 1728 de
1365 1671 1473 1746 abysso,
1489 1671 1584 1738 idest,
1600 1670 1634 1727 de
1649 1665 1782 1726 cordibus

131 1763 244 1820 Necesse
258 1769 373 1836 estergo
389 1770 421 1819 ut
435 1761 646 1835 investigemus,
662 1777 743 1836 quam
756 1768 835 1820 vocet
843 1777 929 1819 resur·
984 1762 1164 1836 reproborum
1186 1761 1263 1818 exire
1282 1761 1395 1832 dicitur,
1410 1777 1478 1836 quos
1494 1776 1635 1833 nunquam
1656 1759 1792 1817 derelin:

131 1853 282 1912 rectionem
296 1853 425 1925 primam.
945 1867 968 1929 Β
984 1854 1073 1926 quet?
1087 1851 1224 1926 numquid
1238 1850 1368 1926 reprobos
1389 1850 1571 1908 derelicturus
1584 1857 1636 1919 est,
1652 1857 1679 1906 et
1698 1849 1782 1906 inva-

167 1941 291 2011 Qnatuor
305 1942 442 1998 suntvitae
457 1941 581 1999 fidelium
593 1959 599 1998 :
612 1941 701 2014 prima
715 1938 797 2008 mala,
810 1938 930 1997 secunda
984 1957 1065 1996 surus
1078 1940 1199 1998 electos?
1213 1939 1296 1997 Nullo
1310 1939 1402 1996 modo.
1417 1937 1614 2012 Alligationem
1635 1953 1699 2009 ergo
1718 1935 1784 1993 dia-

131 2031 245 2087 bonaet
260 2031 341 2099 mala,
357 2031 445 2088 tertiae
459 2041 566 2088 verost
580 2037 683 2104 quarta
700 2029 808 2085 nullum
825 2030 928 2085 malum
983 2028 1040 2084 boli
1064 2028 1215 2085 secundum
1236 2029 1356 2086 litteram
1377 2027 1585 2101 intelligendam
1607 2033 1685 2100 puto,
1703 2032 1735 2082 ut
1751 2024 1782 2082 in

133 2119 272 2177 adhaerere
293 2125 390 2192 potest.
407 2119 500 2175 Prima
523 2129 564 2176 est
585 2126 648 2176 ente
666 2118 845 2193 baptismum,
869 2134 930 2192 quer
984 2117 1077 2191 aliquo
1091 2117 1184 2191 abyssi
1199 2118 1260 2174 loco
1274 2117 1377 2174 virtute
1394 2117 1490 2174 divina
1503 2117 1633 2191 religatus
1647 2124 1783 2185 teneatur,

132 2216 189 2265 tots
204 2209 276 2264 male
297 2217 339 2265 est
360 2225 366 2264 :
391 2209 512 2266 secunda
535 2215 597 2282 post
614 2207 793 2282 baptismum,
819 2225 880 2282 quas
903 2215 931 2264 et
984 2205 1029 2262 sel
1043 2213 1116 2264 certe
1127 2205 1156 2262 in
1171 2205 1281 2263 interno
1293 2221 1380 2279 usque
1394 2205 1428 2262 ad
1440 2205 1514 2289 diem
1526 2203 1709 2262 absolutionis
1716 2219 1783 2260 sua.

132 2299 203 2356 bona
215 2307 243 2356 et
252 2299 325 2356 mala
338 2297 395 2356 dici
408 2307 499 2373 potest
510 2316 518 2368 3
531 2299 625 2357 nullus
639 2299 713 2356 enim
726 2297 851 2355 fidelium
863 2306 929 2355 tem·
985 2297 1094 2354 Sederat
1105 2305 1197 2355 autem
1215 2303 1301 2370 gmtes
1318 2313 1378 2369 gom
1390 2301 1452 2352 sunt
1472 2313 1551 2370 snper
1564 2301 1681 2366 quatuor
1694 2310 1785 2375 coyn-

132 2407 183 2466 pus
197 2390 262 2448 vitae
276 2389 421 2464 praesentis
442 2389 502 2446 sine
526 2389 665 2463 aliquibus
678 2390 798 2464 peccatis
812 2390 930 2448 transire
986 2389 1024 2444 los
1039 2393 1135 2457 terrae;
1150 2387 1215 2462 quia
1232 2386 1374 2444 universas
1388 2394 1482 2460 gentes
1501 2403 1561 2461 quae
1581 2384 1653 2442 inire
1667 2393 1785 2460 quatuor

132 2487 230 2554 potest,
246 2479 319 2537 sicut
332 2481 384 2537 iste
398 2479 516 2536 loannes
539 2479 661 2554 loquitur
674 2477 791 2536 dicens:
816 2479 872 2536 «si
889 2478 930 2536 di·
984 2479 1076 2552 plagas
1096 2477 1194 2535 mundi
1217 2477 1405 2547 continentur,
1430 2476 1596 2534 Antichristi
1618 2473 1785 2548 impiissima

131 2567 255 2625 serimus
270 2566 335 2642 quia
358 2575 500 2642 peecatum
514 2583 571 2624 non
585 2567 729 2637 habemns,
746 2567 931 2640 nosmetipsos
985 2568 1112 2625 doctrina
1126 2566 1303 2641 perlustrabit
1318 2584 1324 2622 :
1341 2567 1485 2639 nullasque
1497 2564 1565 2622 alias
1585 2572 1679 2636 gentes
1693 2562 1780 2619 sedu-

131 2657 299 2726 seducimus,
323 2665 351 2714 et
374 2657 476 2714 veritas
491 2657 521 2714 in
540 2658 620 2715 noble
635 2674 691 2714 non
706 2666 747 2715 est
768 2660 794 2732 (l
813 2659 892 2714 loon.
909 2675 928 2727 1,
984 2667 1038 2727 cet,
1051 2657 1106 2714 nisi
1128 2673 1188 2730 quae
1212 2656 1374 2728 spiritaliter
1387 2655 1446 2727 Gog
1471 2663 1498 2710 et
1516 2653 1613 2727 llegog
1627 2658 1782 2718 vocantur;

131 2747 196 2820 ⁸)·‘
220 2746 311 2804 l'ertia
324 2753 375 2816 est,
391 2762 452 2820 quae
467 2754 525 2803 tota
537 2747 610 2804 bona
623 2755 674 2816 est,
692 2755 719 2804 et
739 2747 773 2803 ad
793 2762 874 2820 quam
890 2761 930 2802 se·
985 2747 1043 2821 Gog
1065 2763 1185 2820 namque
1209 2746 1406 2819 interpretatur
1427 2751 1540 2813 motum,
1560 2744 1656 2818 llagog
1678 2741 1712 2799 de
1737 2747 1784 2798 te-

131 2835 185 2892 ries
209 2834 294 2909 hujus
316 2833 442 2892 lectionis
457 2835 592 2908 pertinet,
606 2852 667 2909 qnae
682 2853 698 2892 a
711 2835 837 2909 passione
851 2833 930 2893 Chri·
974 2844 1029 2896 'cto
1045 2839 1114 2910 (71).
1133 2837 1184 2894 Per
1203 2836 1261 2910 Gog
1276 2835 1370 2908 igitur,
1384 2834 1432 2909 qui
1452 2833 1648 2907 interpretetur
1668 2838 1784 2900 tectum,

130 2926 166 2982 sti
180 2942 267 3002 usqne
283 2925 416 2983 adfinem
429 2927 528 2984 mundi
542 2927 712 2996 extenditur,
728 2926 757 2982 in
772 2942 826 3000 qua
843 2925 931 2982 saneti
986 2930 1006 2986 ii
1021 2929 1200 3004 designantur
1223 2928 1272 3003 qni
1288 2927 1421 2984 malitiam
1441 2942 1519 2984 suam
1542 2926 1570 2984 in
1588 2925 1670 2985 corde
1684 2933 1785 2999 tegen-

131 3016 192 3072 sine
211 3015 372 3089 corporibus
387 3031 451 3072 oum
465 3015 584 3072 Domino
598 3016 657 3073 vita
670 3024 772 3074 aeterna
785 3015 930 3089 pertruun-
985 3027 1036 3090 tes,
1049 3018 1119 3093 justi
1133 3019 1168 3076 ab
1181 3017 1343 3076 hominibus
1357 3017 1536 3088 videbuntur,
1548 3033 1611 3074 cum
1628 3016 1715 3074 bituri
1729 3015 1786 3074 sint

131 3113 201 3162 tur:
227 3121 308 3180 quam
336 3105 420 3163 etiam
442 3105 559 3178 primam
585 3105 816 3164 resurrectionem
840 3114 931 3174 vocat,
986 3117 1078 3168 mente
1101 3109 1211 3184 reprobi
1230 3111 1346 3185 :llagog
1365 3125 1443 3179 xero,
1465 3109 1513 3184 qui
1533 3108 1730 3182 interpretatur
1752 3105 1785 3164 de

130 3211 193 3256 oum
212 3195 281 3254 dicit
295 3212 300 3252 :
317 3196 379 3253 llaec
402 3203 439 3252 eat
451 3196 609 3252 resurrectio
628 3196 729 3270 prison.
745 3197 865 3268 Tempus
879 3196 931 3254 ita-
946 3223 971 3290 G
985 3206 1070 3270 tecto,
1079 3215 1126 3257 eos
1138 3199 1263 3273 designat
1276 3200 1324 3274 qni
1337 3198 1371 3256 de
1385 3207 1458 3258 tecto
1472 3198 1563 3256 cordis
1579 3197 1622 3255 sni
1636 3197 1667 3255 in
1678 3205 1785 3270 apertas

132 3301 211 3359 quea
224 3284 351 3359 passione
362 3285 466 3344 Christi
482 3285 612 3359 usquead
628 3283 711 3342 tinem
723 3284 820 3343 mundi
835 3303 932 3343 resur·
986 3287 1111 3344 miserias
1125 3288 1183 3363 (72)
1195 3297 1416 3362 prorumpentes,
1431 3287 1561 3345 omnibns
1575 3303 1603 3344 se
1618 3285 1718 3360 impios
1728 3301 1786 3342 esse

130 3373 218 3432 rectio
231 3373 322 3447 prima
335 3382 460 3432 vocatur.
487 3373 590 3442 Quarta
614 3373 674 3430 vita
697 3381 855 3431 sanctorum
879 3374 933 3432 erit
986 3376 1224 3434 demonstrabunt.
1238 3378 1317 3434 Tales
1333 3377 1426 3451 itaque
1442 3375 1569 3434 diabolus
1587 3373 1784 3450 perAutichri·

132 3471 195 3539 post
208 3463 392 3538 receptionem
415 3480 649 3539 corporumque
664 3464 743 3521 nullo
766 3463 821 3521 fine
837 3463 931 3520 termi-
987 3481 1060 3531 stum
1075 3473 1157 3532 facile
1172 3473 1303 3547 decipies,

131 3554 255 3612 nabiter.
280 3553 369 3628 igitur
391 3553 457 3629 quia
470 3554 530 3612 vite
548 3570 669 3629 presens
683 3552 714 3610 in
726 3553 932 3628 comparatione
1023 3564 1114 3636 (yffi,
1128 3562 1169 3636 3,)
1184 3566 1222 3622 Et
1241 3565 1406 3639 00729r09ayg
1417 3581 1460 3620 ως
1481 3564 1510 3621 tn
1521 3565 1656 3639 ymnum,
1672 3579 1787 3636 quotum

132 3645 198 3702 ritas
212 3646 332 3705 coelestis
346 3661 421 3703 mors
435 3655 508 3705 recte
524 3646 581 3706 dici
607 3654 708 3722 potest,
729 3645 817 3705 saneti
842 3647 932 3720 prima
984 3669 1110 3710 nummus
1137 3661 1175 3711 est
1198 3655 1266 3711 sicot
1294 3673 1378 3712 arena
1404 3655 1499 3712 moris.
1527 3655 1559 3712 ln
1586 3653 1713 3728 praelium
1741 3669 1787 3711 eos

131 3735 333 3794 resurrectione
346 3743 414 3796 tunc
429 3743 586 3812 resurgunt,
611 3753 675 3795 cum
698 3735 732 3794 ab
755 3735 808 3793 hac
830 3735 932 3793 misera
986 3743 1184 3817 congregabit3
1204 3743 1268 3820 quia
1287 3744 1322 3802 ad
1341 3745 1494 3804 Ecclesiam
1508 3745 1557 3804 Dei
1572 3742 1786 3820 persequendam

132 3824 191 3882 vita
203 3824 349 3896 subtracti,
365 3825 395 3885 in
407 3827 512 3885 ooelesti
536 3825 710 3884 beatitudine
733 3843 797 3885 euru
811 3827 931 3884 Domino
986 3847 1033 3888 eos
1046 3831 1176 3890 armabit.
1191 3833 1229 3890 Ει
1251 3835 1424 3892 ascenderunt
1447 3852 1527 3908 super
1551 3835 1717 3892 latitudinem
1730 3839 1789 3889 ter-

129 3917 312 3976 collocantur.
986 3937 1034 3992 rc,
1054 3928 1080 3977 et
1103 3922 1330 3980 circumdederunt
1352 3931 1440 3981 costra
1460 3931 1622 3992 sanctorum,
1644 3928 1668 3978 et
1689 3922 1788 3978 cioitc-

167 4013 204 4068 Et
219 4013 292 4068 sicut
305 4018 346 4067 est
359 4011 419 4068 lraec
433 4014 521 4085 prime
534 4017 698 4076 resurrectio
715 4018 933 4090 sanctorum,ita
987 4017 1037 4066 om
1051 4011 1182 4068 dilectum.
1198 4012 1328 4071 Diximus
1341 4014 1467 4088 superins
1482 4013 1633 4088 discipulos
1646 4011 1787 4070 Antichri-

130 4106 174 4158 est
198 4105 225 4156 et
248 4097 337 4171 prima
358 4114 432 4155 mors
446 4101 597 4174 impiorum
606 4122 614 4172 ;
643 4103 754 4178 quando
769 4114 931 4178 presentem
987 4099 1023 4156 sti
1039 4099 1195 4158 laudatores
1211 4101 1270 4158 fore
1284 4103 1429 4173 vitiorum,
1446 4110 1473 4159 et
1487 4102 1580 4159 omnia
1594 4118 1654 4176 qum
1669 4100 1704 4157 ad
1716 4099 1788 4156 dele·

130 4189 219 4246 vitam
233 4187 372 4256 deserunt,
397 4193 424 4242 et
443 4187 474 4244 iu
497 4189 585 4262 ponis
600 4189 798 4266 demerguntur
814 4211 821 4250 :
837 4210 932 4252 secun·
987 4189 1123 4246 stationes
1146 4190 1269 4248 carnales
1291 4191 1441 4265 pertinent,
1457 4191 1564 4248 docere.
1579 4189 1667 4262 Super
1688 4189 1789 4247 latitu-

131 4279 168 4336 da
193 4295 260 4336 xero
281 4293 355 4334 mors
379 4275 478 4334 ultima
493 4277 634 4336 damnatio
658 4281 725 4352 erit,
754 4283 825 4340 sicut
843 4283 873 4339 in
894 4299 933 4340 sc·
988 4277 1081 4336 dinem
1106 4295 1171 4353 ergo
1188 4287 1267 4336 terrae
1288 4281 1486 4348 ascenderunt;
1502 4278 1568 4353 quia
1589 4285 1680 4336 vastas
1704 4277 1789 4351 hujus

133 4367 283 4442 quentibus
314 4367 439 4441 exponit.
467 4367 545 4426 Beati
570 4384 634 4442 ergo
659 4379 741 4429 erunt
761 4373 810 4445 qui
831 4373 934 4432 hahent
988 4367 1082 4424 sacnti
1107 4368 1167 4427 vias
1190 4369 1390 4444 ingredientur,
1405 4387 1465 4448 qum
1480 4369 1586 4427 ducunt
1601 4367 1635 4424 ad
1659 4374 1787 4428 mortem.

131 4466 237 4532 partem
262 4459 292 4516 in
308 4459 509 4516 resurrectione
524 4459 625 4533 prima,
646 4467 674 4517 et
696 4459 726 4516 in
749 4460 785 4518 iis
812 4463 934 4522 secunda
989 4457 1085 4516 Castra
1118 4474 1184 4517 xero
1211 4469 1369 4519 sanctorum
1396 4470 1423 4519 et
1450 4459 1550 4520 civitas
1573 4457 1684 4530 dilecta,
1704 4473 1788 4518 uuam

131 4565 207 4605 mors
226 4563 282 4606 non
307 4547 390 4605 habet
405 4555 585 4622 potestatem;
606 4547 671 4623 qnia
684 4549 728 4606 illi
741 4552 934 4609 tantummodo
989 4547 1219 4621 significationem
1248 4551 1350 4610 babent
1366 4571 1372 4610 :
1389 4551 1546 4626 significant
1557 4550 1666 4624 .quippe
1687 4549 1789 4607 Eccle-

132 4635 206 4694 beati
230 4645 294 4693 sunt
309 4643 336 4694 et
351 4645 443 4706 erunt,
459 4638 507 4713 qui
521 4645 584 4696 ante
605 4638 688 4696 linem
709 4640 806 4698 mundi
826 4641 856 4698 in
870 4659 934 4700 con·
989 4639 1069 4698 siam.
1086 4639 1182 4700 Castra
1205 4641 1291 4716 igitur
1304 4651 1462 4701 sanctorum
1478 4639 1710 4708 circumdabunt;
1725 4638 1790 4714 quia

134 4725 221 4782 sortio
235 4734 393 4785 sanctorum
408 4729 509 4786 ascribi
522 4729 713 4787 merebuntur.
729 4729 831 4790 llultos
847 4732 934 4804 enim,
989 4729 1142 4787 Ecclesiam
1161 4731 1210 4788 Dei
1227 4738 1285 4788 tota
1302 4731 1405 4788 virtute
1420 4738 1627 4805 persequentur,
1642 4736 1675 4788 ut
1688 4743 1788 4787 nomeu

132 4813 189 4872 fine
212 4814 309 4872 mundi
338 4816 467 4888 instante,
495 4818 567 4892 ignis
596 4821 772 4894 purgatorius
792 4821 935 4896 purgando
990 4818 1095 4877 Christi
1109 4819 1143 4879 de
1157 4821 1262 4878 mundo
1277 4821 1403 4880 funditus
1417 4822 1602 4896 exstinguant.

132 4905 278 4978 cremabit,
300 4907 348 4965 sed
362 4916 426 4966 ante
439 4909 577 4984 judicium
594 4910 714 4970 absoluti
729 4913 758 4970 in
773 4921 932 4972 sanctorum
1027 4909 1117 4980 (Vere.
1133 4909 1174 4984 9.)
1187 4913 1225 4969 Et
1243 4911 1325 4968 estoit
1342 4911 1411 4984 ignis
1433 4913 1464 4970 de
1477 4914 1540 4968 colo
1559 4911 1657 4977 alico,
1671 4909 1789 4966 etdeoo-

132 4995 251 5070 collegio
268 4997 438 5072 recipientur
454 5018 460 5057 :
476 5007 557 5074 atque
571 5001 601 5058 in
616 5001 651 5057 iis
665 5003 785 5060 secunde
802 5021 885 5074 mors,
907 5005 936 5062 id
989 5001 1124 5058 ruoitecs.
1141 5001 1216 5074 lgnis
1233 5000 1267 5058 de
1279 5003 1349 5060 coelo
1363 5005 1455 5072 exiet;
1473 5001 1537 5077 quia
1552 5003 1680 5060 ueniente
1694 4997 1787 5058 Domi·

132 5091 185 5156 est,
202 5083 344 5145 damnatio
359 5089 460 5146 ultima
474 5106 530 5147 non
544 5089 657 5148 habebit
669 5099 833 5165 potestatem
849 5112 856 5162 ;
870 5093 936 5168 quia
990 5105 1027 5146 no
1041 5089 1076 5146 ad
1087 5089 1236 5163 judicium,
1248 5091 1320 5164 ignis
1329 5101 1393 5150 ante
1407 5092 1498 5166 ipsum
1510 5090 1655 5165 precedet,
1669 5087 1717 5163 qui
1731 5103 1787 5146 non

130 5172 191 5248 jam
211 5190 269 5233 non
282 5193 345 5234 cum
367 5177 455 5236 haedis
469 5177 498 5234 in
512 5177 642 5248 sinistris,
658 5179 705 5236 sed
719 5197 782 5238 cum
799 5181 936 5239 ovibusin
990 5181 1080 5238 solum
1105 5196 1215 5238 omnem
1237 5189 1375 5241 catervam
1399 5183 1558 5256 impiorum,
1578 5179 1626 5236 sed
1649 5185 1676 5235 et
1697 5177 1787 5252 ipsum

135 5263 259 5322 dexteris
290 5274 429 5339 ponentur
461 5267 568 5342 (blattis.
601 5285 682 5339 xxv,
712 5269 771 5342 33).
805 5271 936 5328 sederunt
991 5270 1126 5328 mnndum
1155 5277 1318 5346 consumet,
1354 5275 1426 5332 sicut
1454 5274 1483 5330 in
1509 5269 1686 5344 nonagesimo
1710 5273 1789 5325 sexto

133 5353 280 5412 sacerdotes
305 5357 416 5414 Domini
437 5363 462 5415 et
490 5357 601 5430 Christi,
629 5365 654 5416 et
680 5366 856 5434 regnaverunt
877 5377 936 5418 cum
990 5361 1095 5436 psalmo
1119 5362 1208 5420 David
1224 5363 1347 5437 loquitur
1360 5363 1478 5421 dicens:
1501 5359 1674 5432 «lgnisanto
1696 5357 1787 5430 ipsunt

136 5443 244 5501 Ctes'sto
271 5445 345 5503 mitte
372 5447 461 5505 curiis.
490 5445 608 5506 Nomine
639 5449 811 5511 sacerdotum
839 5467 935 5509 omnes
989 5453 1176 5524 praemetet
1201 5451 1386 5510 inflammabit
1400 5452 1429 5508 in
1449 5448 1568 5509 circuitu
1583 5445 1713 5504 inimicos
1728 5443 1788 5520 ejus

174 5669 233 5742 (71)
249 5669 343 5742 dluyoy
358 5669 390 5726 de
402 5675 476 5751 tecto,
493 5671 522 5754 in
537 5671 823 5732 editomissumorat.
991 5677 1019 5732 in
1045 5677 1178 5751 margine,
1200 5687 1227 5737 ct
1250 5680 1330 5739 [torn.
1349 5675 1416 5734 odit.
1433 5673 1463 5732 in
1486 5689 1608 5750 corpore,
1629 5672 1658 5734 io
1681 5679 1789 5752 opertus

173 5741 233 5813 (71)
250 5741 292 5800 lta
305 5759 371 5802 mss.
387 5757 420 5804 ao
430 5743 497 5804 Gall.
509 5760 539 5804 m
549 5761 662 5821 corpore
678 5762 685 5804 :
702 5745 775 5806 idem
790 5761 856 5806 vero
866 5747 933 5807 Gill.
989 5748 1118 5808 melitius.
