4074 6178
244 263 311 348 tria
744 267 792 338 ab
811 275 929 338 orem
948 279 977 336 s.
1001 273 1171 338 munosu
1192 269 1381 335 aureuma.
1827 261 1900 334 stoa

494 409 662 485 Epimenides
677 409 779 466 Saloni.
1058 391 1173 471 Anulis
1194 407 1275 464 nohis
1298 421 1359 480 spes
1383 402 1481 464 salutis
1498 403 1545 462 sit.
1559 403 1685 473 Quonam
1708 404 1793 478 igitur
1805 405 1900 463 auimo

279 527 403 597 Conlide,
425 525 564 585 camicel
585 522 614 581 Si
637 524 711 581 enim
732 524 777 580 vel
792 521 896 580 servire
910 520 1038 589 manetis,
1096 498 1182 574 9⁰⁸⁸ii
1206 497 1402 597 ‘illimem'
1417 495 1611 596 θαῖἶῑβθῧῐθῑῆ
1634 495 1742 564 limma
1762 495 1809 554 ⁰¹¹5
1824 495 1902 596 1¹38ss

243 620 288 677 vel
311 635 367 677 uon
389 615 459 672 hene
483 613 619 671 institutis
643 610 860 670 Atheniensibus
882 609 1043 668 Pisistratus
1095 595 1143 644 ²¹¹¹
1158 595 1255 687 mim?
1269 593 1315 644 ²¹²²
1330 594 1475 684 ⁵⁰fl¹²¹l²¹³
1489 584 1856 683 ¹¹¹⁰¹1f¹¹b¹im0il¹⁵MQ
1870 593 1903 641 ῑῦ

244 707 411 771 immineret,
435 701 581 776 imperium
602 700 725 773 proiecto
746 699 910 757 diuturnum
932 697 1043 756 habuis·
1096 675 1264 776 9¹⁰20m²²¹⁸
1276 683 1358 750 atque
1377 674 1781 774 1²³¹¹⁵⁰ae²⁰f¹ibi²²u⁸⁸iluf
1798 689 1904 774 ¹¹¹·lif0·

243 805 294 857 set.
317 797 451 855 Caeterum
473 794 550 850 viros
570 791 645 850 haud
668 807 732 848 sane
748 793 844 860 malos,
868 800 916 851 aut
930 791 1044 864 ignavos
1097 774 1188 835 Μ·
1204 781 1286 840 ‘luem
1301 763 1435 824 medum
1449 771 1477 820 0¹
1496 779 1530 818 ²¹
1546 761 1641 820 S¹⁰¹¹¹²
1655 761 1774 819 ⁵i⁰d¹⁰⁸¹
1787 778 1901 836 qusque.

244 888 346 946 servire
368 885 502 958 compulit
519 885 584 942 :sed
608 885 656 958 qui
680 885 850 942 monitorum
865 884 974 942 Solonis
990 899 1044 940 me·
1358 878 1490 948 Archytas
1504 877 1643 952 Dionysio.

244 993 344 1044 mores,
370 991 426 1048 prae
446 973 549 1046 pudore
580 972 770 1046 ingemiscant,
794 973 898 1030 servire
921 972 1044 1046 tyranni·
1133 969 1274 1028 llissimus
1301 984 1398 1026 omnes
1421 967 1544 1024 Platonis
1571 966 1717 1024 necessarii
1733 966 1902 1038 lamiscum,

244 1065 272 1124 di
297 1065 402 1122 diutins
426 1063 639 1138 haudquaquam
662 1063 761 1121 ierem.
785 1063 888 1123 Verum
912 1062 962 1120 etsi
978 1061 1045 1119 Pisi·
1098 1066 1126 1117 et
1149 1057 1307 1126 Photidem,
1321 1057 1414 1120 virum
1429 1056 1509 1114 illum
1526 1055 1575 1114 ebs
1588 1063 1616 1112 tc
1630 1056 1766 1130 recepturi
1778 1055 1843 1129 jure
1857 1074 1903 1114 au·

244 1162 346 1212 stratus
367 1151 508 1210 civitatem
532 1152 684 1224 occuparit,
710 1167 767 1208 nou
795 1160 888 1208 minen
908 1151 943 1209 ad
969 1149 1046 1209 illius
1099 1149 1183 1224 tiquae
1210 1158 1309 1207 nostras
1348 1147 1487 1204 amicitiae.
1518 1147 1600 1204 llecte
1628 1146 1712 1220 igitur
1738 1147 1849 1216 leceris,
1880 1148 1905 1204 si

245 1243 347 1301 liberos
379 1241 525 1314 imperium
554 1256 635 1314 spero
662 1240 863 1297 deducendum.
891 1239 942 1296 Est
970 1239 1045 1296 euim
1100 1237 1259 1296 memineris
1279 1246 1383 1312 quanto
1411 1235 1528 1292 suohis
1550 1234 1644 1294 studio
1665 1235 1821 1308 efflagitasti
1846 1237 1904 1293 Pla-

245 1331 409 1406 perdifficile
432 1328 595 1386 hominihus
618 1329 722 1399 liberis,
750 1328 942 1402 praeclarisque
966 1328 1046 1386 insti·
1100 1327 1175 1386 tonis
1196 1327 1232 1386 ad
1251 1334 1279 1384 te
1305 1325 1466 1395 adventum,
1492 1332 1523 1382 ut
1548 1341 1599 1382 uos
1622 1323 1702 1382 illum
1725 1325 1821 1382 venire
1843 1326 1904 1383 hor·

247 1423 314 1479 tutis
350 1405 467 1493 legibus,
497 1419 548 1476 sub
571 1419 705 1476 seruitute
733 1419 842 1477 durare.
873 1421 915 1476 l'u
941 1427 1046 1488 autem,
1100 1423 1233 1484 tarensur,
1266 1414 1405 1473 iacturum
1426 1422 1454 1470 te
1486 1412 1624 1486 spondens
1648 1412 1745 1470 amuis
1769 1413 1905 1490 illumque

246 1510 317 1580 noli,
342 1525 445 1582 quaeso,
474 1525 559 1582 vagus
580 1507 634 1580 agi,
650 1508 697 1566 sod
718 1508 747 1564 in
772 1509 881 1568 Cretam
904 1506 1047 1564 veniread
1100 1507 1186 1564 libere
1220 1505 1350 1564 accedere
1380 1511 1408 1563 st
1439 1503 1515 1562 abire
1552 1505 1761 1578 permissurum.
1800 1503 1906 1561 llemer
2023 1479 2024 1512 i

246 1615 297 1656 nos
312 1606 430 1667 matura,
446 1596 493 1654 ubi
510 1605 645 1670 tyrannus
666 1597 761 1654 nullus
774 1597 902 1672 cuiqnam
916 1596 1048 1652 molestus
1100 1604 1160 1654 esto
1182 1595 1277 1669 igitur,
1299 1595 1395 1672 quanti
1420 1595 1497 1654 illius
1522 1596 1673 1654 adventum
1697 1597 1805 1666 leceris,
1819 1596 1906 1671 quod-
2023 1647 2024 1658 ,

247 1695 297 1744 est.
321 1686 350 1744 Si
374 1702 441 1743 vero
463 1684 539 1743 illius
561 1685 642 1742 amici
668 1684 749 1753 lorte,
776 1692 808 1740 ut
828 1683 869 1752 tit,
894 1682 923 1740 iu
947 1683 1048 1740 itinero
1101 1702 1153 1761 qne
1176 1702 1209 1744 eo
1229 1694 1352 1760 tempore
1374 1688 1436 1760 plus
1458 1688 1565 1744 caeteris
1589 1686 1739 1746 amaveris.
1763 1685 1856 1756 Quod,
1881 1687 1907 1744 si

249 1775 414 1845 inciderint,
429 1784 522 1831 metuo
537 1789 571 1832 ne
583 1773 651 1847 quid
663 1771 770 1830 sinistri
788 1773 837 1830 tihi
852 1773 972 1832 eveniat.
1060 1771 1155 1849 liqna
1176 1785 1236 1834 orta
1266 1775 1394 1834 simultas
1420 1781 1472 1845 est,
1501 1775 1652 1839 humanius
1681 1785 1709 1834 ta
1735 1792 1813 1850 agere
1840 1793 1907 1834 eeu·

505 1879 664 1952 pherecydes
687 1879 798 1937 reapse,
1102 1865 1191 1936 venit,
1227 1867 1361 1941 illumque
1394 1867 1476 1925 nohis
1502 1867 1648 1926 restituere
1684 1866 1812 1926 ittasun.
1840 1867 1908 1925 llaec
2024 1919 2025 1960 ζ

286 1984 360 2042 Rene
383 1983 521 2055 moriaris,
547 2001 611 2042 cum
634 1983 686 2040 tihi
714 1982 805 2042 letalis
830 1981 890 2042 dies
914 1999 1048 2056 superve-
1102 1954 1176 2012 mim
1202 1954 1227 2013 δί
1249 1955 1328 2028 ‘²⁰5⁸’
1353 1954 1491 2030 junium
1517 1955 1600 2028 ⁰⁰¹⁶⁸³
1625 1974 1657 2016 ⁸⁰
1678 1956 1760 2015 Μ’
1774 1956 1908 2031 iffi*
2024 1961 2025 2032 l

249 2076 331 2135 nerit.
357 2077 469 2136 blorhus
491 2093 535 2133 me
556 2077 703 2146 invaserat,
726 2093 789 2134 eum
811 2084 872 2133 tnas
887 2076 980 2148 accepi
996 2075 1049 2133 lit-
1102 2044 1186 2103 bem·

248 2172 330 2236 teras,
346 2165 480 2240 pediculis
494 2165 665 2239 opperiebar,
684 2174 712 2223 et
725 2165 796 2222 lehri
811 2165 954 2240 quatiebar
961 2173 1047 2222 totus.
1328 2154 1483 2214 Arcesilaus
1501 2155 1678 2216 masmana.

248 2255 376 2316 hiandavi
406 2257 498 2330 itaque
532 2254 698 2330 quibusdam
726 2271 761 2311 ex
791 2253 987 2324 familiaribus,
1018 2261 1049 2310 ut
1139 2255 1313 2313 Testamenta
1328 2256 1510 2330 mealliogeui
1521 2255 1624 2314 tradidi
1642 2255 1715 2313 stlte
1733 2254 1908 2330 perimenda.

248 2360 312 2402 cum
333 2361 377 2402 me
401 2343 568 2416 sepelierint,
583 2343 617 2400 ad
643 2352 670 2401 te
695 2344 909 2418 petierantque
932 2344 1046 2417 scripsi.
1104 2343 1174 2413 Quia
1193 2345 1268 2402 euim
1298 2345 1399 2418 saepius
1421 2354 1536 2420 egroto,
1559 2354 1587 2402 et
1613 2361 1730 2419 corporo
1754 2361 1811 2403 nou
1836 2353 1911 2402 recta

249 2433 292 2489 l'n
312 2440 413 2503 autem,
439 2433 462 2490 si
484 2431 597 2506 quidem
626 2449 657 2489 ea
681 2432 840 2506 probaveris
863 2449 927 2490 cunr
940 2433 1046 2506 sapien·
1105 2433 1194 2504 valeo,
1216 2439 1412 2490 testamentum
1439 2433 1575 2492 conficere
1605 2434 1710 2508 placuit
1727 2450 1734 2490 :
1749 2441 1784 2491 ut
1802 2432 1910 2508 siquid
2025 2469 2026 2482 ι

250 2522 325 2580 tibus
344 2521 469 2596 reliquis,
492 2521 532 2580 ita
551 2519 666 2596 legenda
680 2522 791 2580 demum
805 2523 898 2581 trades
913 2540 920 2580 ε
937 2522 980 2580 sin
995 2541 1050 2581 au·
1104 2521 1246 2596 contingat
1268 2522 1453 2596 inopinatum,
1474 2522 1535 2580 siue
1558 2530 1608 2580 tua
1630 2522 1735 2594 injuria
1750 2521 1912 2597 proficiscar

249 2621 305 2670 tem
320 2611 532 2685 improbaveris,
548 2613 640 2670 nolito
653 2613 743 2670 edere.
759 2612 828 2670 hlihi
843 2620 917 2671 certe
930 2613 1048 2672 necdum
1104 2627 1141 2668 ex
1161 2611 1231 2681 vita,
1255 2610 1304 2685 qui
1318 2627 1391 2668 unns
1414 2627 1451 2669 ex
1466 2611 1597 2672 omnihus
1612 2611 1735 2672 mammo
1749 2627 1795 2668 me
1809 2611 1913 2668 affectu

249 2701 317 2759 satis
341 2700 495 2774 placebant,
520 2708 562 2759 est
590 2701 630 2759 ibi
653 2701 764 2776 quidem
792 2719 849 2760 non
871 2711 944 2761 certa
959 2721 1050 2761 rernm
1105 2711 1265 2775 prosecutus
1289 2720 1328 2762 es.
1356 2703 1548 2764 Fidelissimus
1573 2711 1665 2760 autem
1693 2703 1833 2770 omnium,
1861 2700 1913 2774 qui

249 2789 328 2846 fides.
351 2789 444 2863 Neque
468 2791 543 2848 euim
566 2789 596 2846 id
617 2791 717 2864 recepi.
742 2808 830 2865 neque
852 2792 921 2867 quid
941 2793 977 2850 sit
999 2809 1052 2850 ve-
1106 2793 1153 2852 hic
1176 2802 1252 2864 sunt,
1275 2811 1339 2852 oum
1367 2795 1437 2852 mihi
1461 2810 1569 2868 semper
1593 2793 1690 2862 tueris,
1712 2792 1864 2866 diligenter
1884 2800 1915 2848 et
2026 2761 2027 2814 ἶ

250 2892 311 2934 rum
344 2894 388 2935 me
411 2878 482 2936 scire
505 2879 645 2952 protessus
667 2897 741 2937 sum.
765 2881 847 2938 Forte
868 2881 992 2955 quaedam
1017 2882 1052 2940 de
1106 2899 1215 2940 servare
1238 2881 1328 2953 stude,
1353 2890 1412 2940 tuur
1439 2891 1552 2956 propter
1575 2890 1695 2951 annm,
1720 2889 1781 2942 tum
1797 2889 1915 2955 propter

250 2965 400 3038 Theologia
439 2967 587 3036 reservavi,
620 2977 718 3025 cetera
751 2968 904 3042 intelligere
933 2978 1050 3043 oportet·
1106 2971 1346 3030 necessitudinem.
1367 2971 1440 3032 Cura
1457 2971 1543 3045 igitur
1563 2988 1679 3042 memor,
1699 2977 1836 3045 quantum
1857 2977 1914 3026 tua

250 3054 349 3114 Omnia
373 3055 473 3128 quippe
493 3054 589 3127 judico
612 3057 713 3129 potins,
736 3073 817 3130 quam
839 3059 941 3131 aperio.
956 3060 1052 3117 Morbo
1107 3061 1171 3120 srslei
1194 3062 1377 3131 committam,
1401 3071 1432 3120 ut
1446 3061 1521 3136 quod
1541 3061 1614 3138 apud
1633 3071 1659 3120 te
1682 3069 1771 3122 totum
1790 3061 1915 3135 depone-

250 3153 341 3200 antem
371 3143 489 3217 singulis
519 3143 617 3202 diebus
643 3145 838 3217 invalescente,
871 3163 961 3222 neque
984 3165 1049 3206 me·
1066 3126 1091 3190 C
1107 3160 1161 3220 tur,
1185 3161 1319 3226 quantum
1346 3152 1376 3209 iu
1403 3159 1431 3210 te
1449 3160 1501 3222 est,
1527 3158 1555 3210 et
1584 3153 1693 3226 negotia
1719 3167 1780 3210 mea
1794 3150 1915 3208 honeste

249 3231 376 3289 meorum
427 3233 594 3306 quempiam,
645 3250 733 3308 neque
785 3236 938 3294 amicorum
967 3237 1052 3311 peni-
1106 3240 1319 3316 dispositasint.

250 3329 295 3382 lus
321 3320 448 3379 admitto.
477 3321 611 3380 Caeterum
639 3324 832 3383 assistentibus
859 3343 909 3400 pro
933 3327 1052 3396 teribus,

250 3417 278 3468 et
304 3410 537 3482 interrogantibus
564 3429 618 3488 que
644 3413 673 3470 in
702 3422 776 3472 statu
802 3415 866 3485 sim,
896 3415 983 3490 digito
1005 3432 1053 3489 pcr
1141 3449 1200 3524 Ego
1227 3449 1338 3506 tenena
1365 3466 1409 3508 me
1435 3449 1546 3524 quidem
1575 3459 1601 3507 et
1616 3449 1702 3524 gloria
1729 3450 1818 3510 vium
1835 3459 1912 3508 mm

250 3499 316 3556 ‘mii
339 3501 458 3558 ⁰¹⁸¹¹⁸¹s³
488 3499 614 3569 ΜΝ
639 3518 721 3575 quam
746 3503 886 3575 mimi
911 3505 984 3562 ”¹⁸¹⁰
1007 3513 1053 3562 ω’
1106 3539 1211 3596 anteire
1240 3539 1392 3597 existimo:
1415 3547 1545 3598 caeterum
1577 3540 1734 3614 disciplinis
1755 3539 1913 3616 studiisque

250 3603 325 3657 uear,
343 3587 472 3645 ostendi:
489 3589 675 3692 admonuique
690 3599 721 3693 ut
740 3591 874 3663 postridie
887 3593 1054 3652 convenient
1107 3627 1277 3697 liberalibus,
1301 3635 1328 3685 e,
1347 3629 1467 3703 perfecta
1496 3629 1637 3700 felicium,
1659 3645 1739 3702 quam
1765 3637 1796 3690 qu
1818 3630 1914 3703 μω,

251 3677 285 3734 ad
300 3678 436 3735 solemnes
451 3677 619 3800 Phermgdss
638 3681 761 3738 inferias,
778 3682 855 3740 Vale.
1107 3716 1154 3775 des
1178 3719 1258 3792 longe
1281 3717 1329 3776 ab,
1347 3725 1374 3776 ω
1389 3719 1509 3793 meni
1524 3718 1623 3778 samio·
1640 3719 1776 3788 Quocirca
1790 3729 1818 3777 ,e
1831 3735 1913 3776 m

473 3786 650 3846 Amnum
663 3792 828 3866 Pallam·
1106 3807 1191 3866 statui
1207 3807 1250 3865 uti
1259 3807 1294 3865 ad
1304 3808 1550 3880 meproficiscaris‚
1565 3808 1594 3866 id
1605 3808 1675 3866 mihi
1689 3809 1864 3884 peneadem,
1884 3817 1914 3866 te

288 3885 396 3956 l'hales,
420 3885 455 3944 ab
469 3887 558 3944 aetatis
579 3887 657 3959 flore,
674 3889 709 3948 nd
732 3899 911 3963 senectutem,
926 3910 975 3970 per
988 3903 1053 3954 stu·
1106 3913 1200 3972 preces
1218 3913 1292 3955 meas
1315 3898 1428 3956 mimme
1443 3898 1536 3957 irritas
1549 3899 1609 3957 lieri
1622 3915 1778 3974 passurum.
1794 3899 1837 3956 Tu
1851 3899 1914 3974 igi-

252 3975 298 4034 dia
334 3975 446 4034 virtutis
482 3975 718 4054 humanitatisque
754 3989 909 4054 pervectus,
948 3985 1053 4060 inelyte
1105 3993 1153 4043 tur
1167 3985 1517 4059 modisonmihusenitere,
1531 3998 1563 4046 ut
1580 3989 1913 4048 tuocoutnheruiolrus-

252 4073 339 4124 morte
367 4065 537 4141 defungitur.
566 4069 592 4126 ls
620 4085 694 4139 cum,
724 4079 756 4130 ut
782 4083 972 4144 consueverat,
998 4091 1055 4132 uns
1107 4091 1171 4132 mur
1184 4082 1259 4134 oeno
1267 4075 1674 4149 sciensnoumsitautum,sed
1687 4078 1815 4136 omnium
1825 4078 1913 4136 sitnm

251 4171 314 4216 cum
343 4154 483 4226 ancillula,
521 4157 612 4216 sidera
639 4158 823 4234 inspecturus,
853 4163 924 4220 atrio
955 4163 1055 4223 domus
1106 4165 1286 4224 Macedonum
1310 4167 1479 4225 eruditorem
1495 4168 1565 4226 lore.
1590 4169 1659 4226 Nam
1678 4168 1913 4243 quillscedoniae

253 4246 407 4305 matutinus
443 4247 554 4318 exisset,
584 4248 731 4307 immemor
759 4259 790 4309 ut
817 4267 876 4309 sese
903 4251 956 4310 loci
984 4253 1054 4312 situs
1107 4269 1198 4328 regem
1213 4255 1305 4314 erudit
1319 4257 1440 4331 atquein
1453 4257 1586 4316 virtutem
1601 4255 1711 4326 imbuit,
1727 4272 1791 4314 eum
1806 4265 1837 4315 et
1850 4257 1915 4314 sub

252 4333 376 4406 haberet,
394 4335 460 4393 dum
483 4333 587 4394 aethera
601 4352 713 4395 securus
730 4340 867 4412 explorat,
890 4340 919 4398 in
940 4341 1054 4414 subjee-
1107 4342 1180 4400 ditos
1204 4359 1325 4419 quosque
1352 4345 1490 4404 instruere
1514 4346 1549 4404 ad
1577 4345 1770 4405 tortitudinem
1796 4353 1827 4404 et
1852 4363 1915 4420 pro-

252 4432 309 4482 tam
332 4426 438 4483 loseam
465 4425 575 4484 cecidit.
603 4427 703 4485 Milesii
727 4425 848 4486 siderum
870 4431 1054 4492 observatoris
1106 4431 1221 4490 hitatem
1246 4441 1352 4490 certum
1380 4442 1431 4493 est.
1454 4435 1521 4492 Nam
1549 4434 1705 4507 cujusmodi
1733 4435 1823 4492 luerit
1842 4436 1913 4502 dux,

253 4515 328 4574 hunc
342 4513 423 4573 linem
441 4515 563 4573 tradunt.
585 4516 721 4576 Caeterum
746 4535 806 4589 uos,
825 4520 872 4593 qni
899 4521 1053 4580 litterarum
1071 4489 1176 4583 Dtales
1188 4535 1219 4584 nt
1233 4526 1386 4600 plurimum
1400 4527 1527 4586 subditos
1542 4528 1604 4586 fieri
1618 4544 1726 4587 neeesse
1741 4535 1791 4586 est.
1810 4529 1893 4588 Vale

253 4625 345 4666 amore
384 4617 520 4678 tenemur,
548 4612 615 4667 tanti
649 4612 703 4670 viri
730 4611 834 4687 jugiter
864 4613 1051 4689 meminimus,
1355 4633 1427 4692 zm
1440 4635 1571 4710 Ausim
1585 4637 1651 4711 φης,

253 4706 335 4772 atque
362 4697 391 4754 in
428 4696 505 4755 illius
535 4699 656 4758 maxime
684 4699 810 4760 doctriua
841 4703 1052 4779 acquiescimus,
1142 4729 1302 4804 Ampqgcgo,
1328 4737 1407 4790 mum
1436 4739 1492 4791 mm
1517 4733 1665 4794 ,mmm
1691 4733 1818 4794 discendi
1847 4741 1914 4794 m,

254 4787 421 4890 initiumqus
467 4786 602 4848 sermonis
638 4791 725 4849 nostri
771 4787 911 4852 Thaletem
947 4809 1054 4872 semper
1107 4815 1196 4888 (pum,
1223 4818 1298 4893 quod
1317 4835 1421 4893 veram,
1436 4821 1534 4880 utilem
1549 4832 1839 4897 ,tquenmrm
1854 4843 1913 4882 no„

255 4886 437 4936 mmmmm·
1107 4908 1265 4982 popularem
1286 4917 1314 4967 et
1336 4926 1397 4984 que
1420 4911 1454 4968 ad
1476 4912 1671 4986 pervertendos
1694 4931 1784 4972 mores
1807 4913 1912 4981 tendit,

447 5057 451 5064 ῃ
474 4984 653 5046 Aseaimenas
666 4985 833 5064 Pythagoras.
1107 4997 1291 5056 eruditionem
1314 4999 1518 5074 apprehendere
1533 5001 1666 5060 instituis.
1689 5003 1743 5072 Qui
1757 5001 1835 5060 euim
1850 5001 1914 5077 phi·

290 5078 450 5141 Consultius
473 5084 554 5142 nohis
569 5085 660 5159 egisti,
684 5095 715 5144 ut
740 5089 851 5162 quietus
872 5089 990 5163 viveres,
1005 5093 1053 5168 qui
1109 5086 1243 5160 losophiae
1279 5103 1372 5145 amore
1398 5105 1430 5147 ac
1465 5089 1558 5149 studio
1585 5097 1703 5161 tenetur,
1733 5090 1913 5166 declinatque

254 5185 289 5228 ex
314 5173 396 5231 Samo
424 5172 573 5232 Crotonem
602 5176 800 5250 commigrasti.
831 5179 902 5236 Nam
933 5181 1054 5240 AEacidae
1107 5177 1243 5236 celebrem
1265 5177 1341 5235 illam
1356 5189 1384 5236 et
1407 5180 1549 5254 vulgarem
1570 5179 1751 5254 voluptatem,
1767 5197 1829 5255 quaa
1843 5195 1912 5254 quo·

253 5273 317 5319 enm
338 5261 401 5319 attis
423 5261 516 5320 infesti
547 5273 623 5326 suet.
652 5271 711 5321 tum
736 5265 850 5325 Milesiis
872 5269 983 5342 tyranni
1003 5269 1054 5328 dc·
1109 5266 1236 5322 rumdam
1264 5265 1532 5327 adotmeensntorum
1549 5271 1656 5328 anirnos
1669 5269 1829 5328 effeminat:
1845 5287 1912 5328 eum

254 5351 407 5409 minantur.
430 5351 572 5408 Medorum
588 5352 653 5410 item
678 5371 727 5412 rex
743 5356 824 5414 nohis
846 5357 946 5415 aeriter
960 5358 1054 5416 immi·
1108 5376 1165 5417 nou
1195 5370 1293 5419 natura
1312 5363 1396 5421 modo
1429 5365 1603 5423 nobilitatem
1636 5365 1718 5434 tueri,
1741 5365 1788 5423 sed
1811 5382 1912 5423 verum

254 5447 312 5506 net,
339 5439 393 5497 uisi
417 5439 537 5499 velimus
566 5458 623 5500 esse
646 5442 799 5502 tributarii.
821 5445 982 5521 Quanquam
1006 5447 1056 5506 vi·
1108 5450 1220 5524 quidem
1235 5451 1348 5510 virtutis
1364 5453 1842 5530 quequeiustitntum‚manilestum
1853 5463 1912 5514 ast.

254 5525 355 5586 dentur
389 5529 469 5586 lones
491 5545 541 5602 pro
576 5529 703 5589 libertate
730 5532 855 5590 omnium
877 5551 941 5592 cum
968 5536 1056 5595 bledla
1108 5541 1193 5600 Porro
1207 5543 1360 5605 liberaliac
1374 5545 1463 5604 nobili
1476 5547 1624 5621 ingeniosi
1639 5546 1785 5620 adjiciatur
1799 5545 1914 5605 modica

254 5616 396 5678 dimicare.
426 5621 466 5678 lta
490 5620 565 5678 euim
591 5621 635 5680 illi
663 5639 714 5682 nos
745 5621 868 5698 undique
896 5635 1003 5703 urgeat,
1023 5637 1056 5689 ut
1109 5633 1282 5708 exercitatio,
1307 5651 1395 5712 neque
1409 5637 1480 5698 desit
1501 5637 1676 5714 preceptore
1696 5639 1785 5714 copia,
1800 5646 1915 5696 mature

1251 3353 1308 3408 lisa
1324 3349 1474 3423 Antigenus
1487 3351 1586 3410 Zenoni
1595 3351 1765 3425 philosopho.
