4094 6182
130 203 177 270 tos

665 200 845 259 COMMENT.
866 201 902 258 IN
920 201 1029 282 EPIST.
1056 205 1066 259 Ι
1088 203 1135 260 hi)
1161 205 1240 266 COR.

1736 217 1789 275 266

130 333 260 404 gelorum,
275 328 438 384 charitatem
453 333 547 382 autem
563 342 618 382 non
634 327 759 396 habeam,
775 345 861 385 unum
874 345 934 386 sum
950 333 974 391 A
988 327 1047 401 ejus
1070 329 1104 385 ad
1130 331 1249 388 nihilum
1270 332 1454 392 deduxerunt.
1475 337 1542 394 Nam
1567 344 1595 393 et
1603 340 1789 398 Tertullianus

130 419 203 474 velut
213 424 546 482 arariventumresonans,
557 415 772 486 autcpmhalum
783 415 929 474 tinniens.»

130 508 221 578 Magna
231 504 444 580 utiquevidetur
453 505 935 579 gratiadiversisloquilinguis:plus

131 609 218 656 autam
235 597 346 672 aliquid
356 605 408 663 est,
418 595 529 653 etiamsi
544 597 704 668 angelorum
715 597 802 668 possit
812 597 874 670 quis
882 597 934 652 lin-

133 704 210 762 guam
225 688 310 757 scire,
322 687 352 745 id
366 696 416 756 est,
428 688 451 743 si
465 687 628 760 spiritaliter
637 688 779 760 cognitum
789 687 875 760 possit
885 689 933 744 ha-

131 777 192 834 bere
203 777 361 850 angelicum
375 785 493 834 motum.
506 775 609 832 Verum
620 775 674 833 hoc
689 776 723 832 ad
734 777 864 834 meritum
877 793 934 833 nori

130 865 241 934 ascribi,
255 865 301 924 sed
312 865 345 922 ad
356 865 405 922 Dei
417 864 545 938 gloriam,
558 864 831 938 subjectisostendit,
839 866 934 923 dicens

131 952 170 1009 sic
183 969 241 1010 essa
254 960 285 1010 ut
295 959 492 1010 sacramentum
501 967 643 1019 resonans,
652 957 700 1009 aut
710 952 870 1025 cymhalum
881 951 933 1008 tin-

131 1042 217 1098 niens.
241 1067 250 1092 ·
267 1042 341 1112 Quia
354 1043 427 1102 sicut
441 1048 618 1098 aramentum
635 1041 882 1114 impulsualterius
893 1057 933 1096 re-

132 1141 222 1202 sonat,
238 1141 267 1189 et
281 1131 441 1205 cymbalum
456 1129 539 1188 tinnit
548 1149 556 1199 ;
572 1131 612 1188 ita
626 1138 653 1187 et
663 1131 709 1188 hic
719 1129 767 1204 qui
779 1130 881 1203 linguis
894 1130 933 1186 lo·

132 1224 238 1298 quitur,
255 1219 374 1294 Spiritus
386 1221 473 1278 sancti
487 1219 615 1277 ellectum
631 1219 714 1276 habet
732 1227 759 1277 et
773 1226 890 1289 motum,
902 1227 934 1277 ut

991 423 1017 471 ot
1031 417 1201 474 Novalianns
1215 435 1270 474 non
1288 439 1377 494 parvae
1393 426 1513 482 scientiae
1525 427 1652 486 lucrunt:
1665 430 1712 486 sed
1726 431 1790 502 quia

991 507 1135 577 peraelum
1151 507 1296 566 charitatis
1312 509 1415 568 foedera
1429 514 1620 586 perdiderunt,
1636 518 1665 574 in
1682 518 1790 576 chisma

989 593 1074 662 versi,
1090 594 1123 651 ad
1141 595 1326 668 perditionem
1342 599 1386 655 sui
1400 599 1517 658 haereses
1531 612 1704 663 creaverunt.

1028 683 1119 739 «Etsi
1132 683 1253 740 habuero
1261 701 1372 742 omnem
1382 688 1475 759 fidam,
1492 691 1531 746 ita
1542 700 1573 748 ut
1584 702 1690 750 montes
1701 703 1790 751 trans·

989 769 1113 829 ieram.»
1144 773 1270 833 Virtutes
1291 775 1390 846 iacere,
1419 786 1466 835 aut
1480 779 1617 838 daemonia
1639 784 1789 856 perfidem

990 860 1089 933 ejicere
1101 863 1151 919 Dei
1166 864 1256 922 virtus
1268 875 1295 923 et
1310 868 1396 939 gloria
1409 876 1468 924 est:
1481 885 1531 927 nec
1545 871 1599 928 hoc
1610 873 1644 929 ad
1659 873 1790 930 meritum

989 956 1109 1028 proficit,
1125 956 1179 1012 nisi
1194 957 1256 1030 quis
1273 958 1351 1016 bonae
1368 962 1586 1020 conversationis
1600 964 1684 1022 fuerit
1698 983 1790 1023 aemrr-

989 1046 1044 1111 lus,
1059 1045 1131 1104 sicut
1149 1061 1231 1117 supra
1246 1049 1409 1108 memoravi.

1026 1137 1117 1210 (Vens.
1138 1137 1176 1211 3.)
1199 1137 1258 1194 «Et
1271 1139 1295 1196 si
1314 1155 1461 1214 erogavero
1475 1161 1586 1204 omnem
1609 1145 1790 1206 substantiam

990 1243 1090 1286 meam.
1108 1254 1118 1278 ι
1139 1231 1274 1302 Apertum
1289 1240 1330 1288 est
1343 1233 1409 1306 quia
1427 1232 1451 1290 si
1464 1235 1555 1294 omnis
1567 1237 1720 1294 substantia
1734 1239 1792 1295 im-

133 1308 595 1386 4011410534)(4541340114914140
616 1307 765 1366 4000144041
786 1308 931 1365 Salvalffll
988 1319 1134 1393 pendatur,
1164 1321 1236 1378 nihil
1260 1324 1378 1396 prolicit,
1404 1325 1538 1385 charitate
1559 1329 1701 1402 neglecta;
1728 1329 1793 1403 quia

138 1397 652 1478 ‘NfflleflifflV⁰l⁰⁵²i⁵dl¹¹l¹⁰q¹¹ifflissli
664 1397 933 1471 Sssllsl)iriluspatris
987 1420 1069 1484 caput
1082 1411 1225 1484 religionis
1238 1414 1358 1472 charitas
1373 1425 1432 1475 est:
1450 1427 1477 1476 et
1491 1421 1539 1494 qui
1555 1427 1637 1492 caput
1652 1437 1709 1478 non
1733 1421 1789 1479 ha-

132 1487 286 1562 1954141114
303 1487 429 1560 ¹⁰‘luitur
443 1486 810 1560 1111(1445(4414444,10))
828 1489 895 1544 Nam
907 1495 934 1543 el
987 1499 1043 1570 bot,
1061 1502 1147 1558 vitam
1159 1519 1215 1558 non
1229 1503 1322 1568 habet.
1341 1508 1396 1564 «Et
1408 1507 1431 1564 si
1439 1509 1582 1565 tradidero
1591 1525 1690 1582 corpus
1700 1525 1792 1566 meum

132 1581 204 1638 184113
215 1581 309 1637 4061143
319 1586 362 1634 25²
373 1577 494 1633 humana
502 1577 637 1648 4ὶῦ111334
645 1576 854 1633 Ballamffllflffl
862 1577 933 1634 320¹*
987 1598 1019 1647 ut
1033 1590 1153 1662 ardeam,
1168 1591 1240 1648 nihil
1255 1593 1324 1649 mihi
1335 1595 1476 1666 prodest.»
1502 1597 1567 1654 Sine
1575 1598 1709 1656 charitate
1719 1597 1792 1667 nthq

133 1671 222 1746 (Num-
247 1685 321 1738 ΠΗ»
348 1667 409 1741 48)»
435 1675 465 1723 ¹¹²
479 1665 620 1725 lddllefll
634 1665 684 1723 Dei
700 1665 869 1739 maiestatem
884 1685 890 1735 3
906 1675 933 1722 θῑ
948 1693 971 1753 Β
988 1679 1101 1752 prodest
1116 1699 1123 1749 ;
1142 1681 1208 1754 quia
1221 1680 1433 1741 fundamentum
1456 1686 1598 1759 religionis
1612 1687 1791 1745 charitasest.

132 1763 207 1838 pueri
224 1760 346 1818 infantes
361 1759 390 1814 in
410 1757 520 1814 laudem
535 1757 587 1815 Dei
608 1768 795 1832 proruperunt
815 1758 849 1814 ad
871 1773 934 1816 con·

132 1853 272 1912 fusionem
288 1851 444 1908 ludaeorum
460 1851 567 1923 (Mutila.
585 1867 646 1917 xxi,
668 1851 724 1924 16).
740 1849 867 1907 Salvator
881 1865 936 1906 au-

134 1951 192 2001 tem
208 1958 266 2000 nou
285 1941 372 2000 solum
387 1941 464 2010 istos,
487 1939 535 1996 sed
554 1947 581 1997 et
595 1939 701 2014 lapides
715 1939 750 1996 ad
764 1940 936 1998 condemna-

134 2037 239 2095 tionem
257 2034 435 2110 perfidorum,
456 2039 484 2090 et
505 2032 621 2105 gloriam
641 2031 692 2089 Dei
715 2033 834 2089 clamare
857 2049 937 2106 possa

131 2131 253 2189 ostendit
266 2131 343 2202 (Lac.
359 2145 420 2198 ιιι,
437 2126 496 2200 40).
515 2127 552 2184 Ει
567 2127 639 2183 inter
653 2127 712 2200 ipsa
730 2125 883 2200 primordia
901 2125 937 2183 ad

131 2218 401 2278 commendationem
413 2216 489 2285 fidei,
519 2215 567 2290 qui
590 2216 812 2290 baptizabantur,
834 2216 937 2290 linguis

132 2309 317 2382 loquebantur
332 2306 404 2378 (Act.
418 2321 448 2374 x,
463 2303 521 2376 46).

165 2401 260 2474 (Vere.
273 2397 315 2469 2.)
334 2420 344 2445 ‹
358 2395 431 2453 Etsi
446 2396 569 2454 habuero
578 2395 762 2471 prophetiam,
774 2405 802 2454 et
811 2399 936 2456 noverim

133 2488 227 2544 omnia
241 2485 384 2560 mysteria,
409 2494 436 2542 et
454 2501 564 2542 omnem
589 2485 746 2555 scientiam,
773 2486 935 2544 charitatem

134 2595 226 2644 autern
240 2601 296 2642 non
312 2584 438 2654 habeam,
454 2583 693 2644 nihilmihi155
707 2584 850 2658 prodest.»
866 2585 937 2644 Vere

135 2675 205 2732 nihil
232 2673 344 2748 prodest
352 2691 361 2741 ;
384 2673 419 2732 ad
440 2675 491 2731 Dei
515 2675 590 2732 euim
613 2675 728 2748 gloriam
746 2671 935 2746 prophetatur,

135 2765 206 2822 sicut
220 2763 294 2820 dicit
308 2761 397 2820 David
408 2763 561 2836 propbeta:
590 2789 599 2812 ‹
616 2765 677 2822 Non
695 2763 788 2834 nobis,
807 2763 935 2832 Domine,

134 2869 188 2912 nou
209 2852 304 2922 nobis,
319 2851 367 2910 sed
384 2853 492 2910 nomini
507 2861 556 2909 tuo
570 2853 606 2910 da
619 2855 735 2926 gloriam
751 2852 838 2927 (Psoi.
857 2869 937 2921 cxvii,

136 2946 172 3019 1).
188 2970 200 2995 ι
228 2945 299 3002 Nam
315 2951 341 3000 et
355 2943 467 3001 Balaam
480 2945 655 3017 prophetavit
671 2945 764 3018 (Nam.
781 2960 861 3012 xxiv,
879 2944 937 3016 17),

990 1771 1132 1846 Quidquid
1147 1790 1210 1847 ergo
1225 1775 1284 1831 sine
1299 1774 1433 1833 charitate
1455 1777 1497 1848 lit,
1513 1780 1647 1837 caducum
1661 1787 1711 1836 est.

1027 1865 1118 1937 (Vero.
1135 1865 1205 1939 4-8.)
1226 1889 1235 1913 ι
1251 1866 1377 1924 Charitas
1389 1869 1576 1943 'magnanima
1600 1879 1651 1940 est,
1668 1870 1793 1943 jucunda

990 1966 1040 2018 est.
1057 1957 1185 2018 Charitas
1197 1976 1253 2017 non
1263 1963 1419 2032 aemulatur,
1431 1979 1487 2021 non
1497 1964 1619 2036 inllatur,
1632 1982 1687 2022 non
1699 1981 1792 2040 perpe·

990 2068 1048 2109 ram
1060 2053 1126 2126 agit,
1138 2071 1194 2110 non
1206 2053 1352 2112 ambitiosa
1362 2062 1413 2124 est,
1422 2071 1478 2114 non
1489 2057 1589 2132 quaerit
1599 2075 1659 2132 quae
1669 2075 1718 2115 sua
1727 2069 1793 2119 sunt

990 2141 1792 2224 nonirritatur‚noncogitatmalum‚nongaudetininiqui·

990 2237 1056 2302 tate,
1069 2233 1222 2306 congaudet
1230 2243 1322 2292 autem
1333 2238 1443 2294 veritati
1455 2259 1462 2296 z
1475 2240 1568 2298 omnia
1577 2242 1686 2309 tolerat,
1698 2241 1792 2298 omnia

991 2324 1092 2395 credit,
1106 2325 1201 2383 omnia
1215 2335 1317 2398 sperat,
1331 2329 1425 2386 omnia
1439 2331 1565 2389 sustinet.
1582 2331 1708 2390 Charitas
1722 2349 1791 2389 nun·

990 2429 1072 2488 quam
1095 2413 1205 2471 cadit.»
1235 2415 1322 2472 Tanta
1349 2421 1485 2489 preconia
1503 2421 1646 2479 charitatis
1669 2421 1792 2490 edocuit,

991 2515 1091 2563 utnon
1105 2507 1246 2564 immerito
1257 2507 1330 2564 hanc
1339 2510 1446 2567 caeteris
1458 2521 1623 2586 anteponere
1637 2513 1790 2586 videretur,

993 2603 1020 2652 et
1034 2597 1172 2654 incassum
1186 2596 1311 2654 laborare
1322 2613 1378 2666 eos,
1395 2599 1442 2671 qui
1456 2599 1519 2657 aliis
1530 2601 1667 2658 mandatis
1680 2619 1790 2676 operam

991 2687 1069 2757 dant,
1099 2689 1165 2746 huic
1192 2705 1248 2746 non
1275 2691 1503 2764 obtemperantes.
1530 2695 1601 2752 Hinc
1621 2695 1792 2754 aiiloannes

992 2781 1150 2851 apostolus:
1185 2807 1194 2829 ι
1218 2781 1344 2840 Charitas
1361 2785 1435 2842 Deus
1453 2795 1492 2844 est
1517 2787 1547 2859 (1
1562 2788 1640 2844 loun.
1658 2804 1695 2858 ιι,
1710 2789 1785 2862 8);»

992 2883 1023 2931 ιιι
1042 2876 1090 2949 qui
1113 2876 1276 2934 charitatem
1300 2892 1356 2933 non
1382 2875 1475 2944 babet,
1498 2873 1567 2932 sciat
1589 2891 1617 2931 se
1631 2877 1719 2934 lleum
1734 2893 1791 2936 non

993 2966 1107 3035 hahere;
1129 2967 1202 3023 unde
1217 2976 1245 3024 et
1263 2967 1291 3022 in
1311 2967 1366 3023 alia
1385 2965 1501 3038 epistola
1515 2965 1588 3023 idem
1604 2966 1707 3023 Paulus
1721 2983 1792 3040 apo-

131 3053 193 3096 ⁰¹¹¹¹²
216 3037 354 3114 PlOPhlll
374 3054 430 3094 1¹⁰ss
445 3045 527 3108 ellel»
542 3037 590 3094 sed
605 3037 749 3096 hall⁰¹l¹⁸³
770 3045 798 3096 ⁰¹
817 3036 936 3109 Caiphae
952 3065 974 3125 G
992 3058 1080 3114 stolus
1095 3057 1152 3114 ait:
1175 3059 1271 3114 «Deus
1285 3063 1376 3114 autem
1387 3054 1434 3129 qui
1447 3053 1525 3112 dives
1538 3063 1579 3112 est
1593 3053 1623 3110 in
1638 3055 1790 3114 misericor·

127 3131 309 3204 prophetavit
325 3129 427 3204 (loon.
443 3147 483 3200 xv,
497 3132 555 3204 51),
571 3146 626 3186 non
643 3131 752 3200 merito,
769 3130 816 3190 sed
836 3130 934 3203 digui-

129 3231 181 3282 tate
197 3224 310 3281 ordinis
325 3223 503 3282 sacerdotalis
515 3239 520 3279 :
533 3231 560 3280 et
570 3222 633 3279 Saul
645 3221 820 3296 prophetavit
836 3224 932 3295 (11119.
951 3285 957 3294 ,

128 3331 185 3384 ιιι,
204 3313 268 3387 23),
284 3331 347 3372 cum
359 3313 417 3388 jam
435 3312 630 3371 inobedientia
645 3329 727 3370 causa
746 3313 847 3388 spiritu
860 3313 934 3370 malo

126 3405 228 3464 luisset
244 3407 384 3479 repletus;
401 3403 449 3462 sed
464 3411 575 3479 propter
596 3403 648 3461 Dei
670 3419 791 3474 causam,
815 3420 849 3462 ne
865 3419 935 3478 pos-

126 3511 163 3559 set
177 3499 419 3575 comprehendere
442 3501 543 3574 David,
566 3517 648 3574 quem
677 3507 704 3557 et
726 3499 851 3560 occidere
878 3518 933 3559 vo-

125 3591 206 3652 lebat.

165 3714 174 3743 ι
194 3685 272 3752 Etsi
288 3684 377 3752 sciero
392 3687 487 3752 omnia
505 3686 657 3767 mysteria;
673 3711 683 3741 ι
705 3685 781 3749 ludae
792 3685 867 3748 enim
881 3684 932 3747 ni-

124 3783 162 3842 hil
188 3784 303 3860 proluit
330 3784 416 3842 icisse
438 3803 501 3843 eum
521 3782 663 3858 apostolis,
686 3790 716 3839 et
728 3781 858 3840 didicisse
872 3798 931 3856 my·

120 3876 222 3944 steria,
232 3891 296 3931 cum
305 3874 546 3934 charitatishostis
555 3873 688 3947 tradidit(
693 3873 737 3946 16)
749 3873 929 3930 Salvatorem.

119 3966 156 4022 Ει
176 3965 319 4042 propbeta
341 3966 470 4024 Ezechiel
492 3965 633 4023 diabolum
655 3963 789 4038 mysteria
811 3962 932 4019 caelestia

116 4059 195 4114 scire
222 4056 359 4125 ostendit,
382 4057 493 4129 quando
521 4056 653 4130 increpita
672 4070 740 4112 voce
761 4053 790 4110 in
804 4051 930 4125 paradiso

116 4147 214 4202 illum
229 4143 280 4198 Dei
302 4143 397 4210 luisse,
418 4152 446 4199 et
458 4145 592 4215 pretiosos
618 4142 724 4216 lapides
747 4142 875 4201 habuisse
892 4149 929 4200 te·

115 4243 220 4294 statur
250 4231 363 4304 (Ezech.
389 4246 490 4298 xxvnr,
518 4232 585 4301 13)·,
615 4248 684 4304 quos
713 4232 817 4305 lapides
855 4233 929 4290 idem

116 4325 281 4402 Apostolus
319 4321 454 4381 doctrinae
498 4320 601 4379 diviua
651 4325 782 4397 mysteria
824 4325 928 4400 signifi·

990 3149 1048 3218 dia,
1063 3158 1175 3223 propter
1190 3150 1304 3206 multam
1320 3143 1483 3206 charitatem
1496 3163 1574 3204 suam
1590 3145 1648 3222 (17)
1663 3148 1792 3206 misertus

989 3250 1030 3298 est
1054 3241 1142 3298 nostri
1172 3243 1280 3314 (Ephes.
1307 3258 1339 3309 ιι,
1365 3241 1435 3312 4).»
1464 3237 1517 3308 Qui
1537 3254 1601 3310 ergo
1629 3238 1790 3295 charitatem

988 3349 1044 3390 non
1068 3332 1160 3402 habet,
1187 3331 1312 3405 ingratus
1336 3338 1377 3388 est
1406 3328 1602 3387 misericordiae
1630 3329 1700 3398 Dei3
1725 3330 1791 3404 quia

987 3439 1044 3480 non
1058 3422 1162 3497 diligit,
1177 3439 1225 3495 per
1238 3420 1313 3496 quod
1334 3422 1456 3478 salvatus
1475 3427 1525 3476 est.
1550 3420 1586 3476 Ut
1606 3421 1722 3493 proinde
1741 3422 1791 3478 di-

987 3519 1094 3570 scerent
1110 3512 1168 3584 (18)
1184 3512 1250 3585 quia
1261 3511 1382 3584 graviter
1395 3509 1602 3583 delinquebant,
1630 3510 1678 3584 qni
1698 3527 1789 3568 escam

987 3602 1116 3660 fraternae
1129 3602 1261 3662 charitati
1276 3600 1483 3677 praeponebant.
1502 3601 1572 3658 Nam
1597 3598 1656 3659 haec
1673 3609 1789 3676 estquis

987 3704 1014 3754 et
1042 3692 1072 3753 in
1097 3690 1226 3769 praesenti
1253 3691 1373 3765 prodest,
1388 3698 1416 3746 et
1429 3689 1459 3746 iu
1483 3696 1618 3746 aeternum
1644 3707 1707 3748 cum
1731 3693 1789 3748 Deo

987 3793 1140 3860 permanet.

1024 3883 1119 3958 (Vera.
1148 3882 1175 3952 a,
1195 3879 1252 3954 10.)
1281 3878 1369 3938 «Sive
1395 3879 1547 3954 prophetia
1569 3877 1787 3948 evacuabuntur,

986 3975 1046 4032 sive
1060 3974 1160 4047 linguae
1174 3971 1329 4041 cessabunt,
1344 3971 1404 4028 sive
1415 3970 1530 4028 scientia
1544 3969 1731 4028 evacuabitur.
1744 3970 1787 4025 Ex

986 4075 1062 4140 parte
1080 4083 1154 4124 enim
1169 4065 1363 4138 cognoscimus
1377 4073 1405 4122 et
1419 4079 1454 4119 ex
1472 4069 1548 4134 parte
1568 4058 1763 4132 prophetamus
1778 4075 1784 4115 :

985 4175 1049 4217 cum
1064 4165 1156 4214 autem
1172 4156 1280 4213 venerit
1295 4153 1369 4228 quod
1384 4151 1537 4224 perlectum
1551 4156 1602 4218 est,
1613 4149 1786 4206 evacuabun-

985 4247 1103 4317 imilla,
1120 4261 1181 4319 qua
1195 4249 1321 4316 exparte
1336 4246 1413 4297 sunt.
1430 4265 1439 4288 »
1464 4238 1566 4295 Omnia
1588 4235 1785 4295 charismatum

984 4343 1057 4402 dona
1070 4341 1197 4400 evacuari
1212 4338 1295 4409 dixit,
1310 4334 1446 4413 quianon
1461 4342 1569 4394 mnium
1587 4342 1701 4409 possum
1715 4351 1787 4392 eom·

116 4419 200 4475 &llil
231 4415 338 4488 (10⁰l·
368 4429 415 4483 ¹¹¹2
446 4411 561 4484 ¹²45)ss
590 4418 618 4469 ⁰²
646 4409 689 4467 llll
715 4411 786 4470 nihil
812 4415 924 4487 l1⁰sllib
943 4432 1163 4510 Dprehendere‚
1180 4437 1313 4505 quantum
1328 4428 1389 4502 ipsa
1402 4427 1505 4486 veritas
1518 4427 1612 4486 habe-t.
1627 4426 1720 4500 Neque
1735 4439 1787 4486 ttos

22 4521 24 4598 q
118 4507 189 4581 quia
220 4502 367 4564 charitatis
394 4503 551 4573 immemor,
583 4501 613 4559 in
641 4499 799 4575 superbiam
826 4503 932 4575 prosili-

22 4601 23 4608 ’
118 4597 173 4654 vit.

167 4724 177 4746 ι
192 4697 269 4755 Etsi
285 4695 408 4753 habuero
422 4711 534 4753 omnem
548 4691 704 4752 scientiam.
720 4715 730 4742 ι
761 4690 839 4750 Nihil
860 4691 931 4748 inihi

22 4837 24 4848 .
119 4788 243 4862 prodest
266 4787 395 4856 scientia,
422 4787 445 4843 si
474 4785 592 4844 charitas
628 4799 686 4841 non
721 4781 767 4840 sit.
804 4783 930 4856 Denique

119 4879 235 4936 Scribis
248 4887 275 4934 et
284 4875 431 4934 Pharisaeis
444 4875 515 4932 nihil
529 4874 645 4948 proluit,
656 4874 765 4932 dicente
776 4872 926 4930 salvatore:

23 4977 24 5040 l
126 4995 136 5019 ι
151 4968 217 5026 Vos
233 4966 340 5024 habetis
349 4967 457 5024 clavena
471 4963 602 5034 scientia,
613 4973 639 5022 et
649 4964 927 5040 nequevosintratis,

118 5075 218 5136 neqm
232 5059 302 5114 alios
315 5057 409 5115 sinitis
420 5055 538 5114 introire
553 5056 628 5128 (Lae.
644 5073 685 5126 ιι,
710 5057 777 5128 111);
794 5081 805 5105 ι
825 5071 873 5129 per
886 5055 927 5113 in·

118 5149 234 5208 sidiam
254 5146 329 5205 anim
353 5145 516 5206 charitatem
540 5153 759 5220 corrumpentes,
783 5144 926 5204 scientiam

157 5286 224 5358 (15)
244 5283 327 5344 Corb.
341 5283 416 5352 cod,
431 5289 455 5338 at
474 5285 582 5352 rivolum,
598 5279 653 5336 sine
667 5297 718 5352 qvo
737 5279 839 5338 utiliter·
854 5279 927 5350 loqui

121 5375 174 5414 uon
187 5373 267 5430 posse
279 5357 401 5412 ostendit.

119 5431 224 5558 etc(lli)
245 5427 326 5485 Corh.
342 5427 417 5499 cod,
429 5443 490 5484 cum
508 5429 648 5486 charitatis
669 5429 781 5486 hostiam
803 5431 926 5499 tradidit,

157 5573 223 5642 (17)
242 5569 374 5628 Nonnulli
396 5585 473 5641 msa,
485 5578 597 5646 propter
612 5571 824 5632 misericordiam
838 5591 925 5632 ruant.

268 5667 389 5728 rinos.
406 5669 494 5729 xvh.

986 4532 1034 4581 aut
1061 4537 1156 4595 capere
1184 4528 1232 4578 aut
1256 4534 1383 4577 enarrare
1411 4533 1556 4592 possumus
1582 4516 1785 4590 plenitudinem

985 4613 1121 4672 veritatis.
1137 4609 1189 4680 Qui
1214 4610 1288 4667 enim
1306 4609 1366 4666 fieri
1390 4616 1479 4682 potest
1502 4616 1533 4664 ut
1555 4605 1649 4680 lingua
1665 4605 1786 4665 humana

986 4711 1067 4760 onine
1082 4700 1290 4774 complectatur,
1305 4697 1379 4772 quod
1394 4697 1443 4754 Dei
1458 4704 1499 4754 est
1513 4694 1604 4754 tideo
1627 4695 1785 4754 destruetur

984 4792 1156 4867 imperiectio
1172 4798 1275 4860 nostra,
1292 4805 1348 4846 non
1360 4785 1389 4844 id
1404 4788 1476 4862 quod
1491 4802 1587 4844 varum
1603 4793 1643 4844 est
1666 4803 1783 4846 evacua-

983 4883 1075 4941 bitur:
1105 4881 1153 4939 sed
1177 4881 1244 4938 dum
1267 4877 1379 4936 additur
1407 4877 1580 4951 imperfecto,
1606 4876 1680 4950 quod
1694 4878 1781 4946 deest,

982 4971 1140 5030 destruetur
1155 4969 1226 5043 (19).
1242 4966 1481 5026 Destructioenim
1500 4965 1715 5040 imperfectionis
1729 4973 1781 5031 ast,

982 5061 1093 5137 quando
1118 5059 1157 5130 id,
1192 5057 1267 5132 quod
1289 5056 1482 5132 imperfectum
1510 5063 1562 5128 est,
1597 5056 1728 5129 impletur
1752 5055 1781 5110 in

982 5168 1089 5211 verum.

1018 5287 1064 5356 (18
1088 5283 1169 5344 Corh.
1185 5281 1284 5352 codex,
1302 5279 1335 5340 m
1347 5281 1461 5354 proinde
1469 5278 1654 5338 discernerent.

1018 5358 1064 5430 (19
1093 5357 1146 5415 Vel
1159 5356 1225 5413 edit.
1241 5371 1273 5413 ac
1283 5371 1346 5412 mss.
1357 5354 1471 5436 aliquot,
1480 5346 1777 5434 additur'imperfectio,

981 5430 1051 5502 quod
1065 5430 1143 5498 deest,
1160 5429 1327 5484 destruetur:
1344 5427 1443 5482 melius
1456 5425 1536 5480 Rom.
1560 5423 1645 5486 edit,
1668 5415 1780 5476 additur

981 5503 1051 5573 qaod
1065 5502 1143 5568 deest,
1162 5498 1325 5570 imperfectio
1336 5497 1502 5559 destructum
1526 5500 1645 5549 attamen
1659 5493 1781 5561 antepo-

981 5572 1066 5630 nendi
1079 5579 1145 5630 sunt
1159 5587 1224 5628 mss.
1239 5565 1365 5644 plurimi,
1380 5580 1448 5639 quos
1462 5563 1510 5620 hic
1524 5560 1675 5635 sequimur.

1617 5659 1635 5717 a
