4078 6186
154 287 208 362 tta
670 291 1309 373 conminationnmnnotn.
1761 310 1814 386 εει

155 425 237 488 illum
248 423 402 488 desiderare
423 433 536 505 propter
549 426 734 507 lacrymarum
747 429 807 508 ejus
822 435 955 496 recorda·
972 433 1090 502 Aelecti
1106 445 1170 497 sunt
1184 436 1219 497 ad
1229 435 1438 515 gubernandum
1453 438 1587 518 populum
1601 449 1729 506 sanctum
1742 448 1813 520 θεὴ

155 518 271 592 tionem,
289 535 360 596 quas
375 537 471 581 autore
486 523 595 582 fuderat
609 525 746 599 Apostoli,
761 526 834 586 sicot
853 527 956 588 intelli·
1012 526 1046 586 ad
1061 537 1186 587 sanctum
1201 537 1292 587 autem
1303 529 1396 590 senior
1409 540 1538 602 vocatur,
1561 532 1610 609 qui
1628 535 1687 594 dux
1700 535 1815 611 eligitur

152 609 483 687 pittureredentisase.
498 613 559 672 Non
572 613 715 674 immerito
735 633 799 691 ergo
816 626 956 676 amantem
1011 617 1174 678 sanctitatis.
1196 619 1281 679 «Nou
1304 622 1458 682 secundum
1481 623 1583 683 merita
1606 635 1709 685 nostra.
1732 651 1742 676 ι
1764 628 1816 686 Ve-

153 717 183 760 εε
198 700 352 771 desiderat,
368 709 402 758 ut
415 700 513 775 gaudio
527 703 676 778 impleatur
685 720 720 762 ex
730 707 874 764 communi
887 705 956 764 laeti·
1011 723 1073 763 rum
1105 715 1157 778 est,
1185 708 1251 784 quia
1282 709 1306 767 ei
1339 711 1374 769 ad
1400 712 1539 787 liquidum
1570 731 1684 788 querss,
1721 717 1816 774 nullus

153 790 204 860 tia,
228 807 315 850 causa
334 788 400 848 fidei
415 789 537 862 sinceras,
556 809 639 868 quant
660 800 688 851 et
704 795 733 853 in
757 797 820 854 avia
840 795 909 871 eius,
930 807 957 855 ει
1011 795 1156 856 hominum
1169 797 1367 872 dignuspoteet
1380 799 1472 858 rideri
1483 801 1606 860 vicarius
1618 820 1676 862 esse
1688 803 1815 874 Christi;

152 879 184 936 in
198 889 291 938 matre
306 878 392 937 fuisse
402 878 549 954 significat,
558 883 714 944 senissimo
725 893 753 942 et
764 884 795 944 in
804 902 847 945 εο.
859 885 957 944 Omnis
1011 903 1108 944 omnes
1122 887 1197 945 enirn
1211 903 1281 961 quos
1302 888 1395 963 elegit,
1416 890 1493 962 prius
1522 891 1635 950 fucrant
1649 900 1815 966 peccatores.

152 971 251 1046 itaque
265 970 438 1028 hicaffcotus
458 979 571 1048 propter
593 973 677 1032 fidem
700 986 751 1048 εει,
771 993 831 1054 quse
854 976 956 1036 eratin
1010 978 1148 1047 Quantum
1163 997 1228 1053 erpo
1246 979 1281 1037 ad
1302 983 1535 1054 comparationem
1558 991 1723 1043 ceterorum
1747 1002 1817 1060 per-

150 1061 195 1120 eis
209 1061 355 1120 inviolata.
1010 1065 1091 1134 tinet,
1106 1064 1136 1122 fri
1150 1065 1227 1138 digni
1242 1066 1348 1123 intenti
1364 1075 1444 1125 sunt:
1461 1077 1596 1142 quantum
1620 1086 1689 1128 vero
1706 1069 1742 1128 ad
1756 1087 1815 1130 rem

191 1151 283 1226 (Vere.
308 1151 335 1222 6,
362 1151 403 1225 f.)
434 1175 444 1201 ι
470 1153 530 1222 Qua
550 1153 584 1214 de
607 1156 903 1229 consummatore,
926 1165 957 1216 ut
1011 1151 1110 1226 ipsam,
1121 1170 1218 1211 omnes
1233 1153 1340 1228 indigni
1365 1163 1441 1213 sunt.
1467 1155 1548 1214 «Sed
1577 1158 1728 1216 secundum
1745 1175 1817 1234 pro-

153 1239 378 1302 recreesdonntn
391 1242 452 1313 Dei,
469 1243 598 1319 quodest
612 1245 734 1320 intepet
748 1247 956 1321 impositionem
1011 1243 1134 1318 positum
1149 1259 1242 1314 sunm,
1262 1251 1290 1300 et
1311 1243 1427 1317 gratiam
1453 1259 1514 1318 quae
1534 1243 1597 1302 data
1620 1257 1661 1304 εει
1685 1247 1767 1305 nobis
1786 1247 1816 1306 in

156 1349 291 1390 manuum
302 1347 444 1401 mearutu;
462 1349 517 1391 non
531 1334 607 1392 enim
621 1335 698 1394 dedit
713 1336 794 1394 nobis
809 1338 883 1394 Deus
895 1336 957 1411 spi·
1012 1332 1124 1391 Christo
1147 1333 1211 1391 Jeett
1238 1342 1301 1391 anm
1324 1341 1449 1406 tempora
1473 1333 1627 1392 secularia.
1642 1359 1653 1384 ›
1680 1336 1817 1404 Quoniam

156 1422 244 1480 ritum
258 1421 376 1492 timoris,
391 1421 441 1480 sed
456 1423 579 1492 virtutis,
590 1433 617 1482 ει
630 1425 799 1498 dilectionis,
815 1434 842 1484 et
854 1427 957 1485 sobrie·
1011 1421 1173 1495 dignatione
1187 1437 1237 1480 sua
1249 1423 1325 1482 Dens
1338 1424 1405 1481 olim
1415 1427 1487 1487 306
1513 1423 1640 1481 decrevit
1661 1431 1816 1498 pressiores

154 1511 257 1570 tatis.-
285 1511 434 1585 Propterea
458 1529 487 1570 se
513 1524 659 1588 parentum
681 1513 743 1590 ejus
768 1516 956 1575 sinceritatem
1011 1517 1102 1576 salros
1115 1520 1205 1576 facere
1220 1519 1363 1592 (prescius
1373 1521 1448 1578 enim
1458 1520 1512 1580 fuit
1522 1523 1598 1579 Deus
1610 1519 1679 1596 qnid
1690 1521 1817 1580 futurum

151 1599 220 1659 fidei
235 1599 376 1675 siguificat
390 1618 567 1675 memorasse,
583 1612 615 1662 ut
640 1604 782 1664 fortiorem
799 1605 875 1664 hunc
888 1607 958 1664 face·
1011 1617 1083 1666 esset
1091 1607 1120 1664 in
1134 1608 1258 1678 homine,
1269 1619 1418 1685 antequam
1427 1612 1618 1682 facercteum,
1629 1612 1816 1687 upmcmet),

152 1697 206 1749 ret.
222 1689 291 1759 Quis
304 1689 383 1748 enirn
397 1690 508 1750 laudern
525 1693 640 1752 illorum
654 1692 779 1766 audieus,
795 1711 913 1770 quorum
928 1695 957 1752 in
1012 1697 1153 1772 quomodo
1177 1697 1413 1772 redintegraretur
1421 1701 1640 1773 predestinavit,
1668 1718 1722 1777 quc
1740 1709 1818 1760 tetu-

153 1799 187 1840 eo
202 1782 264 1855 ipso
278 1779 419 1856 particeps
433 1791 484 1854 est,
506 1801 563 1842 non
585 1794 700 1856 crescat,
715 1786 819 1844 addens
832 1785 956 1844 animum
977 1796 1001 1858 Β
1015 1801 1090 1859 pore,
1107 1794 1134 1844 et
1146 1802 1194 1860 per
1212 1801 1292 1860 quos,
1317 1795 1344 1844 et
1358 1803 1413 1861 qua
1436 1789 1547 1846 ratione
1570 1789 1672 1848 saltari
1690 1791 1798 1863 possint
1806 1807 1815 1860 ;

153 1870 320 1944 hujusmodi
333 1871 467 1929 unibus?
484 1873 531 1932 Sic
554 1891 618 1948 erpo
637 1884 743 1934 recreat
760 1876 791 1934 in
805 1893 834 1935 se
852 1876 958 1936 donum
1012 1883 1044 1933 ut
1059 1891 1148 1952 neque
1175 1876 1276 1933 merito
1292 1893 1342 1933 suo
1365 1876 1413 1950 qui
1436 1876 1591 1946 salvantur,
1613 1893 1702 1952 neque
1717 1878 1817 1936 ltorutn

155 1960 254 2034 gratiae
268 1959 320 2018 Dei
333 1969 473 2035 acceptum
492 1979 541 2038 per
563 1964 767 2024 ordinationem
784 1965 957 2040 presbyterii,
1013 1980 1061 2038 per
1074 1981 1143 2038 quos
1156 1973 1301 2036 vocentur,
1317 1964 1365 2024 sed
1375 1963 1425 2022 llei
1440 1963 1528 2038 gratia
1538 1964 1613 2023 istud
1628 1965 1733 2022 donum
1743 1983 1811 2040 prae·

155 2051 227 2109 dum
254 2051 377 2110 animum
403 2069 486 2110 suurn
520 2055 650 2113 confovet
677 2056 779 2116 mentis
807 2057 958 2125 alacritate,
1012 2053 1220 2112 staritideatnr
1234 2071 1283 2129 per
1299 2053 1382 2112 fidem
1398 2052 1516 2114 Christi.
1765 2053 1766 2058 ’

154 2141 280 2216 gaudens
294 2143 324 2200 in
346 2144 504 2219 semetipso,
514 2145 587 2204 sicut
601 2147 631 2205 in
642 2146 766 2206 novitate
775 2146 959 2206 ordinationis
1050 2151 1142 2225 (Vera.
1160 2153 1218 2227 lt.)
1237 2153 1340 2210 «Nunc
1362 2168 1429 2210 vcro
1446 2152 1587 2211 declarate
1609 2168 1659 2226 per
1672 2153 1814 2212 illumiua-

153 2232 299 2308 pandetur.
323 2235 449 2309 Denique
473 2233 613 2309 subjecit:
645 2235 725 2295 «Nec
742 2238 829 2308 enim,
855 2236 956 2312 inquit,
1012 2241 1117 2300 tionem
1132 2243 1268 2302 adventus
1281 2243 1435 2301 Salvatoris
1463 2243 1554 2301 uostri
1573 2244 1638 2302 Jesu
1665 2243 1808 2304 Christi·

154 2323 231 2380 dedit
244 2323 327 2381 nobo
340 2326 415 2382 Deus
441 2326 570 2399 spiritum
585 2325 704 2397 timoris,
731 2326 779 2385 sed
804 2326 951 2384 virtutis..
1013 2333 1121 2389 Donum
1134 2332 1185 2390 Dei
1200 2332 1272 2406 quod
1288 2339 1352 2389 ante
1366 2339 1491 2406 tempora
1514 2330 1659 2391 secularia
1672 2333 1774 2392 latebat
1785 2334 1815 2391 in

154 2414 307 2473 funeratus
328 2415 403 2472 cuim
434 2414 518 2472 horno
540 2415 599 2473 exit
620 2417 654 2474 de
681 2415 793 2487 timore,
816 2415 959 2490 accipiens
1013 2423 1157 2496 mysterio,
1176 2423 1366 2481 incarnatione
1384 2431 1411 2481 et
1425 2421 1547 2481 aduentu
1571 2422 1675 2482 Christi
1689 2425 1816 2483 declare-

156 2501 959 2581 spiritumlactititaproptcrjnstifloatiouem:quiaomnis
1012 2521 1072 2570 tum
1087 2520 1214 2584 meatur,
1230 2514 1343 2588 quando
1356 2522 1499 2588 eruperunt
1522 2513 1651 2572 homines
1673 2515 1815 2574 minimam

156 2591 282 2666 injustus
295 2591 323 2650 in
343 2593 444 2651 timore
466 2603 517 2665 est,
540 2611 597 2652 non
620 2595 711 2664 fortis,
737 2593 785 2654 sed
811 2594 956 2663 infirmus;
1012 2601 1188 2677 peccatorum
1203 2604 1337 2676 accipere.

154 2701 215 2743 non
230 2684 260 2740 in
274 2683 432 2754 dilectione,
447 2681 494 2742 sed
510 2684 539 2742 in
564 2684 649 2744 odio:
666 2701 717 2743 nec
739 2682 770 2741 in
784 2685 889 2743 mentis
909 2701 959 2742 so-
1050 2702 1142 2775 (vm
1166 2701 1223 2774 tp)
1254 2701 1338 2771 «Qui
1371 2699 1512 2758 naumis
1542 2701 1655 2775 qnidam
1686 2710 1813 2772 mortem,

152 2773 342 2841 benemereti
358 2789 451 2830 errore
465 2774 585 2832 noctus.
601 2773 631 2832 st
652 2781 745 2832 tutem
768 2773 812 2831 nis
826 2773 957 2844 minent,
1013 2789 1186 2848 ittumimtn
1196 2798 1288 2848 autem
1303 2789 1389 2848 vitam
1410 2790 1564 2848 eternitate
1579 2791 1638 2864 (ει)
1649 2806 1698 2864 per
1715 2791 1814 2846 nvan-

152 2862 301 2938 perfidem
317 2863 451 2933 etfortis,
470 2870 497 2921 et
512 2863 640 2933 dilectus,
657 2869 684 2920 et
698 2861 883 2921 sobrinserit.
1013 2880 1127 2954 getium,
1156 2880 1186 2937 j„
1214 2896 1269 2955 qm,
1297 2879 1403 2954 posim,
1430 2895 1492 2936 sum
1515 2894 1566 2953 ⁶8⁰
1591 2878 1765 2953 predicator,
1782 2885 1815 2936 ‚p

191 2963 285 3034 [Vere.
305 2961 347 3035 8.)
370 2961 564 3038 «sortitaque
583 2961 743 3021 erubescere
764 2961 957 3020 testimonium
1014 2969 1166 3043 apostolus,
1196 2974 1224 3024 ει
1262 2967 1392 3042 magister
1419 2967 1554 3040 gentium.
1582 2990 1592 3018 ›
1626 2967 1685 3036 Qua
1709 2964 1816 3024 ratione

152 3051 268 3112 Dourini
282 3052 383 3123 nostri,
397 3069 487 3128 neque
501 3069 544 3110 me
558 3053 685 3111 tinctum
705 3050 775 3126 ejus.
792 3078 802 3103 ι
822 3053 959 3112 Conemn·
1013 3060 1123 3116 saltum
1141 3056 1208 3116 fecit
1220 3056 1354 3130 populum
1370 3072 1452 3114 suum
1474 3055 1613 3126 Christus,
1632 3053 1755 3113 ostendit
1766 3051 1815 3110 di-

153 3143 224 3200 tiam
252 3139 407 3200 habendam
435 3140 526 3214 docet,
552 3159 604 3202 neo
642 3142 773 3216 trepidari
802 3142 902 3201 debere
928 3141 994 3216 inc
1011 3165 1077 3208 eene
1101 3145 1167 3222 quia
1193 3153 1311 3204 mortem
1339 3143 1489 3215 destruxit,
1520 3161 1581 3219 qna
1607 3151 1666 3202 erat
1691 3140 1816 3200 hominis

153 3232 338 3306 professione.
354 3232 416 3289 Non
430 3238 472 3289 εει
486 3231 561 3290 enim
585 3232 660 3291 unde
674 3231 852 3292 erubescatur
864 3235 894 3292 in
913 3249 956 3307 ee,
1013 3237 1138 3304 inimica,
1154 3251 1189 3294 ne
1203 3235 1238 3292 ab
1262 3233 1359 3292 inferis
1385 3243 1477 3308 posset
1500 3249 1660 3308 resorpme:
1686 3240 1747 3289 tum
1761 3231 1815 3289 de-

153 3320 256 3396 quiasi
271 3320 356 3378 homo
371 3321 448 3379 visus
461 3329 503 3380 εει
516 3321 655 3392 Christus,
675 3321 758 3396 gestie
771 3330 864 3381 temen
878 3341 959 3399 appa·
1013 3343 1090 3384 mum
1105 3325 1192 3382 dnm
1209 3323 1382 3382 illuminavit
1395 3323 1560 3393 eternitate,
1583 3330 1615 3379 ut
1639 3335 1816 3392 resurgente

154 3410 215 3468 ruit
237 3411 329 3469 Deus:
356 3409 408 3468 etsi
437 3411 590 3469 crucifixus
612 3417 666 3482 est,
689 3412 841 3470 resurrexit
865 3421 957 3471 tamen
1013 3413 1143 3484 mortuis,
1155 3413 1214 3487 J'atn
1237 3413 1309 3471 mori
1330 3427 1387 3470 non
1405 3412 1502 3486 possit.
1523 3409 1647 3468 Obscura
1665 3408 1740 3466 enirn
1754 3407 1814 3464 vita

155 3499 317 3570 amortuis,
342 3509 369 3558 et
385 3499 482 3558 multis
504 3499 677 3572 videntibus,
698 3499 870 3574 suscipiente
894 3519 958 3559 eum
1013 3509 1065 3574 est,
1085 3519 1146 3580 qnae
1165 3511 1288 3575 tempore
1311 3501 1455 3571 definitur,
1481 3501 1549 3558 dum
1576 3505 1730 3572 soporetur,
1747 3497 1815 3554 dunt

154 3589 242 3658 nube,
255 3588 286 3647 in
299 3590 401 3648 colum
427 3589 552 3648 ascendit
575 3589 647 3662 (Aet.
664 3605 685 3659 r,
702 3589 744 3664 9).
770 3589 831 3647 Non
845 3597 886 3648 est
896 3607 959 3664 erpo
1014 3593 1131 3666 ignorat,
1146 3589 1213 3648 dum
1223 3590 1295 3648 male
1312 3598 1446 3647 vomatur.
1462 3589 1499 3646 fit
1523 3586 1661 3662 quomodo
1676 3583 1815 3644 illumine-

154 3681 330 3741 infirmitatis
341 3699 434 3752 mosa,
450 3681 497 3740 sed
511 3682 674 3757 potestatis;
697 3681 763 3758 qnia
779 3681 828 3739 nbi
847 3689 960 3758 putator
1013 3689 1060 3738 tur
1073 3679 1141 3750 titt,
1157 3679 1291 3749 ostendit,
1301 3677 1368 3752 quia
1381 3695 1429 3752 per
1443 3676 1625 3750 Evangeliutn
1640 3671 1816 3732 credentibus

155 3771 345 3842 imbecillitas,
374 3771 416 3829 ibi
440 3782 553 3848 apparet
586 3773 722 3848 potentia.
752 3772 849 3845 ltaque
876 3773 960 3830 stulte
1014 3771 1096 3830 datur
1112 3767 1262 3838 aeternitas,
1282 3769 1413 3842 magistro
1428 3768 1555 3842 gentium
1570 3764 1748 3839 praedicante.

154 3859 313 3921 infirmatus
326 3861 443 3930 dicitur,
457 3861 505 3938 qui
520 3861 620 3921 risisse
639 3862 783 3936 probatur.
797 3861 856 3918 flou
878 3859 960 3918 modo
1052 3860 1143 3933 (Vere.
1161 3859 1220 3932 tr.)
1247 3859 1362 3927 «Quam
1385 3858 1420 3916 oh
1435 3874 1545 3915 musam
1560 3863 1588 3915 et
1611 3852 1809 3952 hacope-tien·

153 3967 206 4010 nec
219 3951 250 4008 in
265 3951 400 4024 Apostolo
413 3959 465 4018 eet,
486 3951 561 4024 quod
589 3950 623 4008 ad
651 3952 782 4008 roborem
799 3950 958 4024 pertineat:
1013 3944 1169 4006 Pradicans
1184 3945 1236 4005 Dei
1250 3945 1365 4017 donum,
1380 3945 1524 4005 diabolum
1539 3943 1645 4020 patitur
1658 3942 1813 4039 inimtcttm,

154 4039 224 4113 quia
237 4039 262 4094 si
276 4035 415 4109 pressuris
428 4047 455 4094 et
469 4037 591 4096 caedibus
606 4040 770 4100 humiliatus
788 4041 902 4111 dicitnr,
925 4058 961 4098 ex
1015 4045 1046 4096 ut
1059 4035 1234 4111 pressurasei
1248 4034 1409 4106 exsuscitet,
1423 4035 1489 4110 qnia
1502 4027 1816 4109 populnmdefaucthue

158 4127 211 4184 ills
235 4133 314 4199 parte
341 4123 489 4183 confundit
513 4127 707 4190 obtrectatores
741 4151 815 4203 snos,
838 4131 905 4208 quia
930 4131 959 4188 in
1015 4126 1169 4201 ejuseruit.
1201 4123 1279 4183 «Sed
1290 4141 1346 4183 non
1361 4122 1554 4184 confundor·
1577 4123 1609 4178 lu
1624 4119 1677 4176 ltoc
1691 4129 1814 4182 εεειιειιε,

153 4214 248 4290 signis
270 4230 303 4271 ac
324 4213 459 4288 prodigiis
485 4223 556 4272 nutu
576 4217 709 4277 mirabilis
730 4221 910 4296 pervidetur:
928 4229 960 4280 ut
1015 4215 1080 4289 qttia
1093 4232 1143 4291 pro
1153 4213 1381 4272 tribulationibus
1395 4227 1493 4284 magna
1506 4208 1640 4284 proruisse
1649 4217 1752 4305 merces
1761 4208 1814 4304 cst,

154 4301 338 4377 intelligatur
352 4317 410 4360 non
420 4299 582 4360 infirmitate
591 4304 742 4379 humiliari,
756 4311 803 4368 ted
817 4312 960 4370 voluntate
1015 4321 1071 4362 non
1085 4303 1277 4374 confunditur,
1294 4301 1341 4360 sed
1354 4300 1487 4374 gloriatur
1514 4299 1543 4356 in
1560 4310 1704 4370 pressuris.
1727 4292 1814 4351 «Suro

153 4395 190 4454 ad
204 4391 357 4468 quemdam
383 4391 551 4450 meritorum
574 4393 739 4466 profecturo.
758 4399 862 4459 idcirco
885 4401 959 4458 enim
1014 4393 1089 4452 enim
1113 4393 1160 4452 cni
1175 4391 1292 4461 credidi.
1312 4399 1339 4449 0²
1360 4395 1451 4448 ῑθῐῑῑῑῦ
1475 4403 1536 4446 ⁸1¹⁰]
1559 4383 1625 4459 ‘1¹¹¹ss
1651 4392 1749 4458 ΡΟῑθῑ]8
1773 4391 1815 4442 “i

152 4483 232 4540 Deus
245 4495 340 4537 servos
355 4494 423 4536 snos
436 4477 472 4535 ab
481 4477 589 4553 iniquis
610 4479 755 4538 humiliari
767 4485 912 4558 permittit,
926 4503 999 4574 nel)
1014 4483 1171 4558 depositum
1182 4475 1460 4539 menmcustodirein
1472 4474 1603 4533 iliadis.»
1621 4473 1680 4532 Hoc
1689 4471 1816 4548 estquod

155 4569 220 4628 illis
232 4567 334 4642 injuste
348 4568 463 4643 praemia
475 4567 542 4626 dare
554 4569 698 4628 rideatur.
1015 4573 1093 4643 dicit,
1111 4588 1165 4648 que
1175 4588 1223 4646 spe
1237 4578 1264 4629 et
1279 4566 1382 4627 fiducie
1396 4567 1456 4641 (70)
1472 4563 1683 4640 magnificentias
1693 4563 1816 4622 Salvato·

197 4667 290 4740 (Vere.
304 4667 346 4740 e.)
364 4667 435 4726 «Sed
448 4667 588 4750 collabora
598 4666 629 4726 fn
643 4669 801 4744 Evangelio
814 4672 963 4734 seeundum
1016 4663 1055 4721 ris
1069 4677 1182 4720 securus
1200 4667 1252 4730 εει,
1266 4659 1332 4734 quia
1357 4656 1431 4733 quod
1445 4653 1619 4715 commendat
1641 4653 1696 4723 illi,
1712 4653 1742 4711 iu
1756 4661 1817 4714 tuto

155 4761 294 4817 virtutem
309 4758 371 4828 Dei,
387 4757 435 4833 qni
449 4776 500 4817 noe
513 4761 604 4820 saltos
618 4761 686 4820 fecit
703 4763 777 4837 (68).
796 4788 806 4814 s
827 4764 962 4834 Quoniam
1015 4763 1067 4813 εει.
1083 4751 1155 4822 Quid
1165 4759 1257 4810 autem
1272 4749 1314 4806 illi
1324 4746 1509 4816 commendat,
1522 4744 1576 4803 nisi
1587 4745 1705 4804 salutern
1715 4745 1817 4804 suam?

155 4849 266 4906 ttrtme
278 4847 328 4905 Dei
351 4846 424 4906 ricta
437 4855 478 4906 est
492 4865 577 4916 mors,
594 4856 626 4908 ut
640 4865 691 4908 nos
703 4849 776 4910 salvi
802 4868 861 4911 esse
877 4855 961 4928 posei-
1016 4845 1052 4903 Ut
1068 4843 1115 4903 hic
1141 4859 1192 4918 pro
1217 4841 1268 4899 illo
1289 4839 1408 4916 patiens,
1432 4837 1549 4896 salutem
1578 4835 1705 4939 iuveniat
1732 4853 1817 4912 penes

158 4953 244 5005 mot;
259 4935 340 5008 juxta
352 4935 407 4994 hoc
419 4921 550 4996 contenit
563 4939 653 4997 uicem
668 4955 719 4997 nos
733 4941 872 5017 exaliqua
885 4953 961 5020 parte
1015 4933 1107 5003 illum,
1122 4949 1185 4992 tum
1201 4931 1315 5006 mitrii
1327 4927 1453 5005 illdissffl
1470 4945 1477 4986 ἓ
1493 4933 1525 4984 ¹¹2
1546 4927 1665 5003 puniens
1679 4927 1815 4994 lnfldeloes

160 5023 279 5084 reddere
312 5023 503 5098 Redemptori.
530 5025 600 5094 Quia
621 5027 696 5084 enirn
724 5027 759 5086 ad
785 5030 879 5089 omnia
901 5031 962 5106 ejus
1014 5024 1099 5082 istum
1115 5024 1230 5098 dignum
1246 5018 1417 5079 tetcmavita
1433 5021 1606 5095 pronuntiet.

158 5113 298 5174 benencia
311 5113 478 5188 respondere
491 5131 547 5172 non
561 5131 717 5189 possumus,
733 5119 959 5195 reflorationem
1052 5123 1143 5196 (Vere.
1158 5120 1202 5192 tt,
1220 5118 1278 5192 ll.)
1300 5143 1310 5170 t
1325 5120 1453 5178 Formam
1465 5119 1708 5178 habenssanornm
1718 5115 1812 5173 verbo

158 5205 226 5282 ejus
248 5203 366 5263 fideliter
385 5213 413 5264 ει
435 5205 572 5264 instanter
596 5223 717 5282 agamus.
751 5232 761 5258 ι
789 5209 826 5269 Ει
849 5209 961 5270 vocam
1014 5228 1076 5268 rum
1093 5213 1164 5286 (71),
1183 5227 1275 5287 quea
1297 5228 1342 5270 me
1356 5209 1458 5268 audisti
1478 5209 1507 5267 in
1533 5209 1589 5270 fide
1602 5219 1630 5268 ει
1655 5201 1809 5266 dilatent,

159 5295 309 5356 toeaoone
331 5313 379 5354 sua
401 5305 531 5356 sanctam
556 5297 672 5356 Vocatio
695 5309 789 5359 sanem
816 5308 868 5370 est,
895 5317 959 5359 curn
1014 5309 1128 5376 quaeest
1142 5300 1172 5358 in
1187 5299 1385 5371 Christolesu,
1401 5299 1507 5358 bonum
1530 5293 1750 5357 commendatum
1764 5296 1810 5340 cu·

213 5441 261 5584 (ἐξ)
275 5441 626 5595 {guffieffitttffuumimu
640 5521 727 5573 otum
741 5515 834 5588 eitum
848 5523 959 5576 etteter·
1050 5489 1110 5592 (fi)
1131 5517 1212 5577 Rom.
1236 5515 1303 5575 edit.
1329 5513 1456 5574 Formam
1478 5513 1543 5570 fabe
1562 5514 1686 5590 tutorum
1709 5493 1810 5555 Μῦθ·

161 5583 283 5643 ttitctent.
298 5585 338 5644 lta
352 5593 434 5643 ettam
448 5584 529 5644 infra.
1013 5607 1121 5650 τετε...
1136 5591 1242 5648 Bonum
1253 5587 1460 5648 mmmmdutsnt
1473 5579 1583 5639 tntott.
1633 5635 1637 5642 .
1666 5635 1670 5642 .

201 5657 261 5731 (70)
276 5657 356 5716 Rom.
372 5656 440 5716 odit.
456 5657 485 5714 itt
500 5658 577 5717 illttttt
593 5659 694 5720 diem.
717 5659 860 5736 stirpest
881 5662 958 5738 fidn-

482 5442 511 5499 tti
524 5459 572 5500 taut
583 5442 713 5502 timuit.
1013 5445 1056 5505 ct'o
1114 5459 1122 5478 ·
