4074 6178
130 341 192 398 1169

679 341 727 398 DE
746 341 899 398 MORIBUS
926 341 1231 403 onaertttan'ontttr.

1712 363 1782 424 ltro

129 477 211 536 serica
227 477 438 544 nuncupantur,
453 477 480 526 et
493 467 531 525 ibi
547 467 683 540 insignem
700 468 846 541 quamdam
863 485 926 526 con·
943 471 1089 532 Afruetus
1107 471 1203 544 gignit,
1228 475 1319 531 catari
1344 486 1464 536 maturos
1490 481 1639 540 ostendunt
1664 485 1781 548 fructus.

128 566 191 640 spici
215 561 352 636 lapideam
379 561 538 625 columnam
561 556 714 613 Alexandri
735 558 847 614 nomine
872 559 925 616 boc

129 657 205 714 titulo
220 655 358 726 sculptam
375 669 381 708 :
413 651 471 722 Ego
499 648 656 706 Alexander
671 648 727 704 buc
751 650 881 722 perveni;
898 660 926 707 et

128 746 197 820 quod
212 743 340 819 plurimis
351 741 516 816 populorum
532 737 692 795 nationibus
712 739 925 812 regionibusque

127 833 306 908 perlustratis,
318 831 349 888 in
361 829 492 886 Arianam
508 827 618 884 tandem
629 826 741 883 devenit
753 829 923 901 provinciam

129 942 209 1000 prope
224 923 323 981 Indum
341 936 472 978 aninam:
498 935 579 991 quarn
596 919 710 974 desertis
725 920 922 976 circumdatam

127 1035 249 1084 cernens,
277 1013 488 1086 fervoribusque
514 1012 680 1079 ambustam,
712 1029 744 1068 eo
777 1013 851 1086 quod
883 1014 923 1070 sol

126 1110 218 1166 omnia
244 1104 403 1164 incenderet
417 1103 504 1176 (unde
519 1102 641 1160 maxima
656 1119 733 1174 aquae
749 1103 925 1160 laborabatur

126 1199 248 1271 penuria,
267 1205 293 1254 et
306 1197 330 1252 si
345 1196 395 1252 illa
417 1193 529 1250 aliunde
552 1192 749 1261 advehebatur,
766 1195 840 1266 quod
855 1213 922 1252 con·

125 1286 213 1344 festim
239 1287 268 1342 in
295 1285 353 1340 suis
373 1281 455 1341 etiam
471 1281 544 1338 vasis
567 1281 674 1336 fervere
697 1283 880 1354 cerneretur),
895 1292 923 1340 et

124 1395 185 1435 cum
209 1378 275 1435 solis
298 1385 407 1442 aestum,
423 1377 603 1447 locorumque
627 1373 786 1430 incendium
810 1375 922 1431 suflerre

125 1467 260 1540 nequiret,
277 1466 403 1538 protinus
417 1463 578 1522 inchoatum
604 1463 657 1518 iter
675 1464 809 1531 deserere,
826 1464 921 1534 pedem

123 1557 225 1626 efferre,
242 1563 269 1613 et
280 1557 308 1613 in
321 1557 462 1628 Europam
478 1569 598 1612 remeare
611 1561 722 1611 coactus
736 1563 777 1611 est
792 1555 920 1626 (Plinius,

124 1645 172 1702 lib.
188 1661 217 1700 vr
240 1647 303 1702 Not.
324 1644 393 1700 llist.
422 1659 481 1716 cap.
511 1643 570 1714 23).
594 1643 726 1710 Quadam
752 1661 815 1716 ergo
838 1661 920 1712 nova,

124 1752 178 1793 non
202 1743 295 1792 autem
318 1733 505 1790 brachmanos
519 1749 547 1790 se
562 1733 666 1789 vidisse
683 1733 810 1792 affirmat.
829 1735 922 1792 Refert

979 561 1095 632 insuper
1111 561 1193 618 babet
1204 562 1294 618 insula
1307 565 1365 623 baec
1376 566 1512 642 dactylos,
1528 588 1611 629 nuces
1625 591 1693 648 quas
1708 576 1783 635 Indi·

979 669 1025 708 cas
1039 652 1170 722 dicimus,
1187 655 1303 726 grandes
1318 665 1345 714 et
1360 658 1491 730 minutas,
1506 662 1658 722 odoriferas
1677 675 1781 739 lamen,

979 741 1046 797 item
1060 749 1087 796 et
1102 758 1185 800 nuces
1201 761 1268 817 quas
1281 746 1391 818 corylos
1405 749 1535 808 dicimus.
1560 753 1692 812 Homines
1705 758 1781 816 illius

981 838 1059 886 terrae
1086 832 1200 888 aluntur
1228 851 1386 906 portionum,
1411 856 1513 912 oryzae,
1543 848 1571 896 et
1597 843 1675 900 lactis
1700 847 1779 916 cibo;

978 921 1086 980 nobiles
1101 932 1253 980 vescuntur
1277 928 1359 984 certis
1383 929 1547 1002 quibusdam
1569 933 1676 1005 diebus,
1697 937 1780 995 etiam

978 1013 1158 1082 solemnibus,
1187 1017 1293 1084 ovium,
1322 1033 1519 1094 caprarumque
1543 1024 1682 1081 carnibus.
1712 1025 1779 1084 Sues

977 1117 993 1156 a
1021 1097 1160 1158 Thebaide
1186 1120 1273 1177 usqne
1301 1105 1336 1161 ad
1365 1107 1451 1164 India
1479 1111 1683 1186 AEtbiopiaeque
1711 1113 1779 1173 fines

977 1189 1056 1245 aiunt
1070 1207 1125 1247 non
1139 1192 1261 1250 inveniri
1278 1194 1312 1250 ob
1324 1196 1460 1252 maximos
1471 1205 1562 1255 aestus.
1579 1201 1702 1259 induunt
1716 1219 1778 1277 gen·

977 1287 1017 1336 les
1041 1281 1140 1337 insulae
1156 1283 1251 1339 ortium
1275 1285 1369 1356 pelles,
1392 1303 1448 1342 non
1464 1289 1618 1360 spernenda
1643 1291 1778 1348 laboratas

977 1377 1044 1437 arte,
1069 1387 1134 1425 oves
1159 1371 1224 1428 item
1244 1390 1300 1429 non
1325 1377 1404 1444 lanae,
1434 1375 1481 1432 sed
1503 1387 1624 1435 setarum
1646 1387 1779 1452 teguntur

978 1459 1088 1526 vellere,
1106 1475 1156 1516 nec
1171 1463 1249 1529 lanae,
1267 1480 1316 1519 nec
1330 1465 1381 1520 lini
1395 1465 1510 1522 babetur
1524 1467 1563 1523 ibi
1576 1485 1651 1536 usus,
1668 1477 1699 1526 ul
1714 1485 1777 1526 nar·

977 1555 1053 1611 rabat
1067 1555 1255 1625 scholasticus,
1280 1567 1308 1614 et
1323 1560 1395 1631 quod
1411 1561 1445 1616 de
1465 1561 1615 1634 AEthiopiae
1630 1573 1658 1621 et
1677 1565 1777 1624 Persis

978 1643 1090 1712 fraribus,
1099 1653 1126 1702 et
1139 1647 1341 1702 Assumitarum
1353 1649 1421 1705 locis
1431 1649 1468 1706 ibi
1481 1661 1644 1710 mercatores
1654 1654 1775 1725 emendi,

977 1733 1125 1801 vendendi,
1152 1736 1384 1808 permutandique
1412 1739 1451 1794 rei
1472 1739 1558 1810 gratia
1581 1745 1774 1802 conveniunt:

126 1824 310 1882 nibilominus
338 1823 373 1879 de
398 1823 578 1880 Brachmanis
603 1823 696 1896 aliqua
722 1839 750 1880 se
769 1823 877 1882 audisse
904 1841 956 1904 ass
977 1829 1004 1876 et
1018 1823 1092 1894 quod
1107 1823 1184 1896 piper
1204 1824 1243 1880 ibi
1264 1825 1397 1894 nascitur,
1417 1827 1446 1882 iu
1462 1844 1613 1903 magnaque
1636 1833 1777 1905 colligitur

124 1914 289 1974 scholastico
312 1915 430 1986 quodam
446 1913 573 1982 Tbebaeo,
594 1915 652 1986 qui,
669 1921 700 1970 ut
715 1915 764 1983 ait,
779 1915 814 1970 ob
829 1915 857 1971 id
871 1915 919 1988 ip·
974 1914 1063 1986 copia.
1084 1915 1146 1987 ipsa
1167 1925 1260 1972 autem
1284 1917 1434 1975 admodum
1458 1935 1542 1992 parva
1563 1928 1644 1994 atque
1666 1923 1776 1982 inutilis

123 2023 193 2074 sum,
213 2021 311 2077 nempe
330 2010 362 2060 ut
376 2004 449 2077 ipsos
466 2003 653 2060 Braelrmancs
671 2012 699 2060 et
713 2003 819 2060 videret
833 2013 860 2061 et
874 2006 920 2062 al·
974 2022 1038 2078 gens
1053 2015 1104 2075 est,
1128 2025 1189 2080 quar
1204 2009 1281 2064 intra
1304 2011 1449 2081 speluncas
1471 2029 1566 2070 saxeas
1589 2014 1671 2084 vivit,
1687 2023 1714 2073 et
1728 2031 1777 2090 per

122 2096 289 2168 loqueretur,
302 2093 331 2149 in
346 2092 438 2150 lndias
451 2092 620 2167 peregrinari
632 2093 785 2163 proposuit,
805 2101 831 2148 et
846 2094 920 2166 quod
975 2096 1126 2168 praecipitia
1140 2112 1238 2168 magna
1260 2097 1414 2154 discurrere
1438 2107 1536 2155 natura
1561 2103 1657 2173 patriae
1679 2104 1778 2163 edocta
1857 2167 1860 2174 ,

122 2182 232 2238 tandem
254 2181 338 2238 miser
358 2182 387 2238 in
409 2181 599 2254 captivitatem
614 2181 742 2236 incurrit.
770 2179 821 2238 Hic
843 2197 918 2252 ergo,
973 2185 1127 2243 consuevit.
1151 2185 1233 2258 Piper
1246 2194 1338 2243 autem
1360 2204 1424 2244 cum
1439 2191 1603 2248 ramusculis
1619 2192 1776 2250 suiscolli-

122 2269 230 2330 utmihi
244 2270 388 2344 episcopus
402 2271 508 2339 retulit,
522 2287 586 2327 otttlt
601 2270 715 2326 lenioris
730 2278 800 2326 esset
814 2270 918 2342 ingenii
974 2277 1064 2348 (timi,
1090 2278 1163 2348 ipsas
1177 2285 1269 2333 autem
1285 2278 1397 2334 arbores
1412 2280 1490 2351 quasi
1507 2279 1639 2352 quasdam
1654 2282 1775 2342 humiles

121 2363 150 2419 iu
164 2361 280 2420 forensis
301 2359 491 2418 advocationis
504 2360 595 2418 officio
609 2360 767 2432 incongruae
784 2361 837 2418 sibi
852 2363 920 2418 artis
973 2381 1004 2420 ac
1021 2367 1149 2436 parvulas
1169 2365 1268 2438 stirpes
1281 2381 1339 2423 esse
1353 2367 1472 2425 dicebat.
1496 2369 1565 2426 Nam
1579 2378 1606 2427 et
1621 2370 1695 2442 ipsos
1709 2371 1775 2428 cxi-

121 2453 202 2511 taedio
230 2452 370 2525 fatigatus,
398 2449 506 2508 Indiam
520 2450 626 2518 uidere,
640 2459 669 2508 et
682 2450 917 2508 Brachmanorum
974 2470 1041 2526 guos
1064 2453 1248 2512 homunculos
1271 2472 1339 2524 esse,
1358 2464 1385 2512 et
1409 2455 1522 2529 grandia
1545 2459 1669 2532 quadarn
1684 2461 1776 2533 capita

120 2544 236 2617 patriam
251 2560 283 2602 ac
298 2559 387 2600 mores
400 2619 402 2626 Ι
414 2557 576 2613 cognoscere
595 2539 768 2597 deliberavit.
785 2541 919 2608 Quocirca
974 2548 1070 2603 asserit
1087 2546 1186 2604 babere
1201 2564 1264 2604 eum
1280 2547 1387 2604 levibus
1402 2555 1428 2604 et
1442 2546 1565 2604 detonsis
1579 2549 1696 2620 capillis.
1716 2552 1774 2608 lla-

120 2655 182 2695 cum
212 2637 378 2712 quibusdam
403 2633 602 2692 mercatoribus
629 2633 658 2688 in
683 2631 827 2706 Erytbraeo
860 2634 917 2689 sive
974 2639 1081 2712 liquurn
1098 2655 1163 2693 vero
1188 2637 1354 2710 AEtbicpum
1378 2647 1459 2710 atque
1479 2639 1611 2696 Indorum
1626 2656 1773 2712 genesco-

121 2724 213 2785 llubro
236 2729 316 2796 mari,
341 2728 435 2785 navim
459 2727 656 2795 conscendens,
672 2727 812 2799 navigavit
828 2727 919 2798 primo
974 2731 1026 2811 mis
1041 2729 1202 2784 naturaliter
1226 2727 1352 2816 crispatis
1376 2726 1481 2783 horret.
1505 2729 1537 2784 ln
1560 2743 1615 2801 quo
1630 2729 1691 2786 loco
1707 2728 1773 2800 (ad-

120 2823 212 2878 sinum
228 2820 389 2889 Adulicum,
418 2828 446 2876 et
473 2819 650 2876 Adulitarum
679 2819 810 2891 oppidum
836 2818 916 2884 vidit,
970 2817 1050 2888 jecit)
1071 2817 1104 2872 ab
1120 2833 1152 2872 eo
1167 2817 1213 2888 qui
1230 2817 1288 2872 illic
1307 2816 1461 2888 plurimum
1483 2824 1599 2889 poterat,
1623 2834 1672 2891 ego
1695 2817 1772 2877 illico

120 2927 186 2967 mox
196 2914 327 2967 Aromata
337 2909 568 2982 promontorium,
583 2919 610 2966 et
619 2909 850 2982 Troglodytarum
862 2925 917 2963 em-
972 2908 1102 2978 abreptus
1125 2916 1206 2980 atque
1229 2905 1360 2963 detentus
1375 2921 1447 2974 sum,
1468 2905 1514 2979 qui
1536 2907 1629 2963 statim
1653 2915 1772 2982 caeperat

119 3001 230 3074 parium
250 2999 413 3072 penetravit,
429 2999 495 3055 biuc
512 3008 540 3057 et
563 2999 766 3056 Assumitarum
792 3001 850 3056 loca
872 3007 917 3054 at·
973 2997 1042 3052 mibi
1058 2997 1140 3052 etiam
1163 2996 1259 3054 acerbe
1281 2997 1444 3066 conviciari,
1470 3013 1502 3054 eo
1517 2997 1590 3071 quod
1609 3015 1704 3056 eorum
1719 3015 1772 3072 pa-

119 3091 192 3162 tigit,
206 3091 279 3148 uude
294 3093 403 3148 solvens
422 3091 560 3164 prosperis
581 3090 712 3147 flantibus
737 3091 837 3158 ventis,
855 3089 918 3146 licet
972 3087 1053 3144 triam
1077 3087 1222 3160 solumque
1245 3087 1405 3160 contingere
1427 3104 1509 3145 ausus
1534 3088 1644 3145 fuerim.
1672 3090 1708 3146 Et
1729 3089 1772 3146 illi

118 3182 239 3254 plurium
268 3182 444 3255 navigatione
470 3181 590 3250 dierum,
615 3179 741 3238 Muzirim
757 3179 842 3237 totius
867 3183 917 3237 ln·
933 3203 954 3264 C
972 3196 1060 3252 neque
1074 3180 1293 3248 exeusationem,
1315 3197 1365 3236 nec
1379 3179 1567 3236 defensionem
1583 3195 1670 3238 meam
1687 3181 1773 3254 aquis

116 3271 169 3329 dia
184 3271 252 3330 citra
267 3273 387 3345 Gangem
401 3269 554 3344 emporium
579 3269 689 3328 tandem
706 3272 848 3344 pervenit:
866 3271 914 3327 rrbi
970 3269 1071 3324 animis
1085 3269 1254 3336 audiebant;
1277 3270 1424 3326 nonenim
1441 3273 1685 3344 poterantlinguae
1704 3288 1772 3329 meae

115 3361 264 3436 quemdam
288 3363 422 3420 Indorum
450 3363 574 3434 regulum
602 3363 740 3419 dominari
768 3362 913 3418 asserebat.
971 3358 1123 3430 intelligere
1151 3373 1317 3426 sermonem,
1345 3373 1397 3414 nec
1425 3373 1474 3430 ego
1500 3358 1627 3417 criminis
1649 3377 1770 3428 causam,

115 3454 280 3510 immoratus
307 3452 447 3524 igituribi
463 3452 637 3526 aliquandiu,
654 3452 851 3526 observataque
867 3453 915 3508 di·
970 3448 1043 3521 quod
1071 3446 1142 3503 mibi
1170 3446 1364 3520 objiciebatur,
1395 3446 1531 3516 sciebam,
1566 3449 1631 3521 quia
1658 3449 1771 3506 illorum

115 3540 235 3614 ligeuter
252 3541 323 3597 aeris
348 3552 375 3597 et
389 3541 443 3597 loci
467 3541 609 3615 qualitate,
629 3557 661 3598 ac
684 3539 829 3597 bominum
846 3557 913 3598 con·
970 3537 1055 3614 verba
1072 3553 1128 3593 non
1152 3553 1293 3606 noveram,
1320 3553 1354 3592 ex
1371 3535 1437 3592 solia
1453 3545 1560 3594 tantum
1584 3537 1699 3596 nutibus
1722 3555 1772 3596 uos

113 3630 272 3699 suetudine,
295 3647 344 3703 per
368 3631 460 3704 plures
473 3631 543 3700 dies,
570 3631 648 3688 venit
662 3631 687 3688 ei
701 3632 730 3687 in
746 3640 864 3688 urentem
880 3629 913 3686 ad

113 3724 235 3780 insulam
259 3741 320 3797 quae
341 3725 501 3797 Taprobane
520 3735 635 3782 vocatur
655 3725 832 3782 transfretare
858 3742 863 3779 :
884 3723 913 3779 in

113 3829 169 3884 qua
184 3813 238 3884 illi,
268 3813 371 3886 quibus
384 3815 526 3872 beatorum
542 3831 643 3872 nomen
658 3823 709 3885 est,
724 3813 912 3888 longissimam

112 3909 222 3956 aetatem
247 3902 341 3958 vive're
368 3912 527 3961 asseruntur
549 3907 625 3978 (nam
650 3906 735 3961 vitam
768 3905 912 3960 bourinum

112 3994 226 4044 centum
241 3990 321 4044 annis
344 3991 481 4047 modicam
498 3995 606 4064 putant)
629 4001 739 4064 propter
759 3994 856 4048 miram
872 4009 914 4048 ac-

112 4078 152 4133 ris
168 4077 341 4149 temperiem,
369 4087 395 4134 et
426 4081 734 4152 incomprehensibilem
753 4082 844 4138 divini
860 4084 912 4138 dis·

111 4166 280 4239 positionem
301 4165 401 4238 judicii
419 4166 548 4238 (Plinius,
563 4167 612 4224 lio.
629 4185 668 4237 vr,
689 4186 747 4242 cap.
764 4171 820 4242 ²2).
842 4171 913 4228 Huic

110 4263 232 4330 quatuor
246 4257 425 4314 moderantur
439 4273 514 4330 reges
531 4273 579 4313 seu
607 4266 730 4332 satrapa,
748 4261 819 4316 inter
845 4277 913 4332 quos

109 4363 185 4404 unus
199 4355 240 4404 ast
255 4346 404 4416 maximus,
427 4348 473 4406 cui
497 4348 588 4405 caeteri
608 4348 749 4421 subjacent
768 4350 911 4407 obediunt-

109 4453 176 4511 que,
198 4446 229 4496 ut
249 4437 298 4494 ille
321 4438 483 4496 scolasticus
505 4438 639 4495 referebat
657 4440 843 4512 (Ptolemaeus,
860 4441 909 4500 lib.

108 4545 151 4584 vn
169 4529 349 4602 llccgrcpbire,
366 4545 390 4586 c.
405 4529 447 4603 d).
471 4529 604 4586 Narrabat
618 4547 737 4605 quoque,
762 4530 785 4587 si
800 4531 910 4588 credere

106 4616 192 4674 facile
213 4625 264 4684 est,
287 4618 365 4675 mille
388 4619 493 4677 insulas
505 4619 618 4676 Arabici
643 4628 669 4675 et
690 4620 792 4677 Persici
815 4622 908 4689 maris,

106 4715 136 4763 et
152 4722 219 4779 quas
240 4707 402 4766 mammolas
426 4713 535 4778 vorant,
556 4709 598 4764 illi
613 4708 810 4783 obtemperare.
841 4711 912 4768 lluic

105 4793 171 4864 ille,
188 4811 268 4867 quem
284 4806 437 4870 magnetem
452 4799 601 4870 appellant,
624 4800 759 4871 reperitur
770 4801 847 4872 lapis,
864 4801 911 4874 qui

105 4883 177 4942 ferri
193 4893 320 4942 naturam
333 4885 367 4943 ad
381 4903 409 4944 se
419 4887 448 4943 vi
463 4904 512 4944 sua
526 4888 755 4948 traberedicitur.
766 4892 835 4948 Cum
847 4907 911 4966 ergo

105 4974 191 5030 navis
204 4975 295 5049 aliqua
309 4978 403 5034 clavos
417 4977 520 5034 babens
542 4979 644 5035 ferreos
658 4979 717 5037 illic
736 4981 909 5052 applicuerit,

103 5065 186 5122 illico
213 5067 359 5136 retinetur,
389 5083 439 5124 nec
463 5083 601 5142 quoquam
622 5069 662 5125 ira
681 5072 860 5142 permittitur,
881 5073 909 5128 vi

103 5153 204 5212 nescio
231 5154 348 5226 quadam
373 5155 473 5228 lapidis
497 5159 607 5214 occulta
627 5158 805 5232 impediente,
830 5161 865 5218 ob
881 5163 909 5220 id

103 5261 193 5300 naves
208 5243 247 5300 ibi
259 5243 356 5316 ligneis
368 5247 456 5304 clavis
469 5247 592 5304 coristrui
604 5247 722 5306 dicebat.
735 5251 909 5319 Quodinsnla

104 5333 233 5406 quinque
248 5332 330 5389 babet
344 5334 469 5404 flumina,
493 5335 645 5411 etquidem
663 5339 793 5410 maxima,
809 5343 909 5415 quibus

105 5431 169 5480 tota
197 5422 338 5496 irrigatur,
369 5425 541 5500 fertiliorque
562 5427 698 5487 redditur.
729 5431 805 5489 Unde
827 5441 854 5489 et
873 5433 908 5488 ob

104 5515 259 5571 maximam
287 5517 349 5572 coeli
380 5517 561 5576 clementiam
585 5525 767 5594 pomanullo
786 5541 908 5599 unquam

105 5610 233 5676 tempore
260 5606 405 5664 arboribus
431 5608 551 5666 desunt:
581 5613 637 5668 imo
663 5611 758 5669 ecdeur
787 5623 908 5689 tempore

104 5695 231 5768 ejusdem
259 5699 366 5758 arboris
389 5700 454 5758 duur
481 5719 574 5760 mmus
591 5705 660 5764 alter
680 5705 811 5778 florescit,
839 5708 909 5764 alter

970 3632 1081 3682 nrutuos
1112 3626 1267 3698 intelligere
1303 3625 1475 3684 videbamur.
1511 3625 1569 3700 Ego
1596 3626 1708 3700 quidem
1736 3645 1772 3686 ex

968 3728 1080 3790 aspectu
1095 3726 1175 3774 torvo
1190 3717 1328 3785 uminum,
1339 3723 1366 3772 et
1379 3731 1414 3772 ex
1428 3733 1501 3773 saevo
1513 3715 1639 3773 dentium
1653 3716 1771 3775 stridore

970 3816 1092 3880 poteram
1124 3805 1273 3861 verborum
1301 3804 1456 3877 significata
1482 3821 1611 3873 noscere;
1641 3805 1684 3862 illi
1705 3822 1771 3864 vero

968 3919 1004 3958 ex
1020 3901 1125 3974 pallore
1140 3916 1201 3955 meo
1213 3937 1215 3942 -
1225 3907 1308 3971 atque
1323 3914 1424 3969 pavore
1446 3914 1544 3956 sensus
1568 3915 1643 3956 meos
1657 3899 1772 3956 miseri-

968 3990 1062 4047 cordia
1077 3990 1163 4062 magis
1176 3988 1276 4061 dignos
1289 3986 1510 4059 suspicabantur.
1522 3987 1567 4046 Sic
1580 3988 1672 4061 itaque
1684 3987 1718 4044 ab
1731 3986 1770 4043 eis

967 4079 1120 4147 detentum,
1144 4093 1191 4150 per
1214 4075 1379 4134 sexennium
1402 4092 1445 4132 me
1468 4075 1498 4132 iu
1524 4075 1674 4148 pristinum
1700 4091 1770 4150 opus

968 4171 1056 4226 lacere
1078 4169 1231 4240 (iusserunt,
1258 4183 1378 4240 expensa
1402 4175 1494 4223 autem
1513 4182 1548 4224 ex
1573 4165 1675 4240 palatio
1697 4166 1770 4240 regis

968 4263 1090 4334 ipsorum
1101 4261 1186 4318 unius
1197 4266 1303 4316 tautum
1316 4257 1403 4315 modii
1413 4257 1547 4314 frumenti
1553 4257 1767 4333 quolibetanno.

968 4349 1767 4422 Postsexveroannos,dumpaulimedisceremeorumdem

967 4441 1115 4514 loquelam,
1127 4441 1205 4514 potui
1215 4439 1302 4497 multa
1311 4438 1455 4496 devicinis
1465 4438 1636 4510 nationibus,
1646 4440 1768 4514 locisque

928 4548 1142 4624 Dcognoscere.
1171 4531 1292 4587 Tandem
1320 4532 1377 4586 lieo
1404 4529 1524 4603 propitio
1550 4528 1585 4586 de
1608 4530 1767 4603 captivitate

966 4621 1019 4676 boc
1033 4619 1115 4676 modo
1129 4625 1254 4691 ereptum
1269 4633 1330 4674 sum
1348 4635 1354 4674 :
1371 4619 1430 4676 ilex
1444 4617 1515 4675 aliua
1530 4617 1688 4691 supradicto
1700 4618 1767 4677 hnic

966 4709 1022 4781 regi
1040 4709 1210 4776 inimicatus,
1234 4724 1297 4764 eum
1313 4707 1385 4781 apud
1400 4707 1531 4782 majorem
1553 4708 1630 4767 iilius
1644 4707 1766 4782 regionis

966 4798 1160 4870 imperatorem
1184 4797 1333 4864 accusavit,
1357 4797 1430 4871 quod
1454 4797 1575 4854 nobilem
1595 4797 1698 4866 virum,
1720 4796 1766 4854 ci-

966 4903 1084 4960 vemque
1095 4889 1251 4945 Romanum
1261 4886 1290 4943 in
1302 4887 1471 4944 teterrimam
1485 4887 1671 4960 captivitatem
1683 4896 1765 4960 atque

965 4987 1120 5035 extremum
1151 4977 1297 5034 servitium
1331 4977 1487 5051 redegisset.
1523 4978 1584 5046 Quo
1616 4979 1764 5051 imperator

964 5071 1070 5142 audito,
1094 5071 1239 5130 confestim
1255 5071 1324 5129 illuc
1337 5070 1506 5144 cognitorem
1521 5087 1609 5130 causae
1628 5068 1764 5126 transmi-

964 5163 1010 5232 sit,
1034 5179 1065 5218 ac
1086 5161 1226 5234 deinceps,
1253 5163 1293 5218 rei
1322 5163 1438 5219 veritate
1465 5169 1615 5234 perspecta,
1629 5155 1763 5230 protinus

963 5269 1026 5308 eum
1042 5253 1090 5326 qui
1105 5253 1250 5312 convictus
1265 5253 1294 5309 in
1310 5262 1461 5311 memorato
1475 5249 1591 5310 crimine
1606 5247 1761 5316 videbatur,

964 5346 1029 5401 exui
1043 5351 1101 5401 tota
1115 5344 1173 5402 suis
1187 5345 1310 5418 corporis
1323 5347 1394 5418 pelle
1413 5341 1553 5418 pracepit,
1567 5355 1600 5396 eo
1617 5337 1691 5414 quod
1705 5337 1762 5396 civi

965 5439 1087 5494 llomano
1111 5437 1219 5494 fecisset
1243 5435 1372 5510 injuriam
1398 5433 1528 5508 (Plinius,
1552 5448 1592 5501 vr,
1617 5445 1676 5504 cap.
1701 5430 1760 5501 22).

963 5527 1099 5584 Dicuntur
1114 5535 1203 5584 autem
1220 5544 1275 5584 non
1291 5529 1379 5584 solum
1395 5523 1547 5597 impensius
1561 5520 1697 5578 bonorare
1710 5521 1762 5578 llo·

963 5633 1108 5674 manorum
1133 5619 1336 5694 imperatorem,
1363 5615 1411 5673 sed
1430 5613 1632 5672 incredibiliter
1651 5613 1759 5683 timeae,

963 5717 1093 5783 tanquam
1118 5711 1166 5784 qui
1186 5710 1317 5784 preclaro
1334 5705 1436 5782 polleat
1462 5705 1583 5780 ingenio,
1605 5719 1638 5766 ac
1657 5703 1762 5765 virtute
