4122 6192
126 335 160 394 53
688 337 870 396 COMMENT.
893 338 930 395 IN
948 337 1057 395 EPIST.
1080 339 1127 395 ΑΙ)
1148 341 1232 398 noll.
1749 337 1785 396 54

125 463 200 536 quod
214 463 390 535 predicatur,
406 461 571 520 incredibile
585 461 690 520 mundo
704 471 755 534 est,
777 465 860 538 gestis
873 464 928 522 fie-
943 467 968 527 A
982 464 1047 537 quia
1061 463 1128 522 fides
1147 464 1259 521 illorum
1275 465 1305 521 in
1319 465 1396 522 omni
1416 464 1477 523 loco
1490 464 1636 534 currebam
1658 463 1785 538 quemme

124 563 167 612 ret
194 553 337 614 credibile.
364 552 465 611 Missos
488 551 575 626 igitar
601 553 741 626 apostolos
773 564 864 624 vocat,
898 563 930 613 ut
984 569 1039 611 non
1053 554 1204 612 secundum
1220 554 1343 626 regulam
1359 552 1394 610 ab
1408 553 1691 612 auctoribustraditae
1706 550 1786 609 ueri-

124 647 309 722 pradicarent
324 646 385 720 (ud)
403 645 487 703 fidem
500 642 631 701 omnihus
646 644 782 718 gentibus,
794 653 825 702 ut
836 645 928 703 ohedi-
985 643 1050 700 tatis
1066 644 1137 716 (28),
1156 653 1249 701 nmen
1272 644 1338 719 quia
1358 644 1432 719 quod
1454 645 1487 702 ah
1508 660 1564 701 uno
1579 646 1635 703 Deo
1652 649 1720 714 erat,
1736 641 1786 699 in-

124 745 197 804 rent‚
217 744 246 793 et
266 737 510 816 salvareutnr;ut
531 733 637 791 donum
660 736 708 791 Dei
724 751 780 793 non
791 734 930 809 jamsolis
984 734 1117 808 terposito
1131 732 1235 792 Christi
1256 733 1378 803 nomine,
1401 743 1540 808 coeperant
1569 732 1706 804 venerari,
1727 748 1785 806 gra·

124 825 240 896 iudaeis,
256 826 452 883 verumetiam
470 823 601 881 omnibus
622 823 750 897 gentihus
769 841 929 882 concessum
985 827 1099 892 tuimur,
1115 824 1204 880 sciens
1220 823 1282 880 illos
1297 839 1375 895 posse
1387 825 1529 897 prolicere.
1547 825 1598 881 Per
1612 823 1686 899 quod
1700 821 1784 880 etiam

124 905 322 982 uideretul3et
336 914 475 972 hancesse
491 913 541 970 Dei
557 913 738 983 voluntatem,
754 921 786 970 ut
801 915 829 970 in
844 913 930 972 Chri·
984 913 1146 971 charitatem
1162 928 1239 968 suam
1251 913 1324 968 circa
1345 914 1406 970 illos
1431 914 1561 982 ostendit,
1586 914 1696 989 quando
1721 927 1785 968 eon·

124 1012 178 1074 sto,
195 1013 224 1062 et
241 1021 290 1078 per
304 1004 448 1064 Christum
472 1003 603 1060 omnibus
622 1003 795 1072 misereatur,
819 1002 930 1060 vicariis
985 1005 1084 1076 gaudet
1104 1001 1178 1059 hono
1199 1009 1289 1074 empto
1309 1002 1432 1071 illorum,
1453 1012 1481 1060 et
1504 1003 1632 1060 hortatur
1649 1003 1683 1062 ad
1696 1001 1786 1076 prole-

126 1096 185 1170 ejus
207 1096 437 1170 predicantibus,
461 1095 586 1152 honest:
614 1120 624 1142 ι
645 1095 699 1151 Pro
720 1093 831 1152 nornine
855 1095 928 1169 ejus;
984 1101 1071 1151 ctum.

125 1185 199 1242 siout
222 1186 292 1243 alibi
314 1185 399 1243 dicit:
422 1187 474 1242 Pro
497 1200 552 1258 quo
573 1184 711 1257 legatione
726 1183 868 1258 fungimur
888 1186 930 1258 (ΙΙ
1025 1191 1073 1249 29
1098 1194 1206 1252 Gratias
1228 1210 1292 1266 ergo
1315 1211 1394 1268 agere
1408 1211 1437 1253 ee
1451 1195 1521 1254 dicit
1540 1197 1596 1254 Deo
1610 1213 1660 1254 suo
1679 1195 1785 1254 dumta·

129 1276 197 1334 Gor.
212 1294 243 1347 u,
259 1277 319 1348 20).
335 1299 344 1322 ι
985 1290 1043 1352 nat,
1055 1283 1120 1358 quia
1134 1285 1226 1342 adhue
1237 1284 1350 1340 illorum
1361 1300 1417 1341 non
1428 1285 1591 1358 eratplene;
1605 1285 1713 1360 qniaex
1723 1286 1786 1359 ipsa

163 1375 258 1440 [Vere.
283 1375 323 1447 6.)
355 1374 419 1431 «ln
443 1373 543 1447 quihus
565 1371 631 1430 estis
653 1381 680 1430 et
699 1372 853 1430 vosvooati
868 1373 931 1429 lesu
985 1385 1027 1433 est
1054 1377 1146 1434 omnis
1173 1378 1323 1450 paternitas
1349 1379 1460 1450 (Epioe.
1482 1394 1529 1446 111,
1559 1377 1614 1450 te).
1642 1377 1695 1434 Sed
1721 1376 1787 1452 quia

125 1461 242 1522 Christi.
262 1487 273 1513 ι
302 1465 361 1521 lloc
386 1471 436 1532 est,
455 1463 594 1538 legatione
608 1463 689 1520 nobis
710 1463 888 1535 iungentibus
901 1463 930 1518 in
985 1466 1076 1522 omnis
1098 1465 1243 1538 dispositio
1262 1467 1359 1522 salutis
1380 1473 1510 1523 nostraea
1528 1468 1585 1523 Deo
1601 1464 1724 1540 quidem,
1739 1463 1787 1522 sed

125 1553 257 1611 omnihus
278 1552 408 1626 gentibus
431 1570 481 1627 pro
504 1553 618 1611 nomine
640 1554 703 1610 lesu
720 1553 836 1623 Christi,
858 1552 931 1609 iuter
986 1571 1034 1628 per
1048 1555 1190 1614 Christum
1204 1562 1255 1625 est,
1267 1573 1322 1612 non
1337 1558 1493 1630 perlegam,
1505 1571 1593 1630 neque
1608 1556 1786 1630 peraliquem

126 1658 195 1716 quos
216 1643 285 1699 estis
298 1650 326 1699 et
340 1659 391 1699 vos
405 1642 517 1709 vocati;
536 1643 600 1716 quia
615 1640 720 1700 donum
736 1641 785 1700 Dei
802 1641 931 1700 omnibus
985 1647 1161 1720 prophetam,
1178 1646 1278 1718 gratia<
1293 1645 1404 1720 quidem
1419 1662 1498 1719 agere
1512 1661 1540 1702 se
1558 1645 1628 1703 dioit
1647 1647 1714 1716 Deo,
1739 1645 1787 1704 sed
1811 1639 1815 1646 ’

126 1735 242 1792 missum
263 1744 314 1799 est,
340 1740 371 1791 nt
395 1751 458 1792 cum
480 1734 599 1791 audiunt
622 1751 650 1792 se
665 1733 738 1791 inter
751 1742 863 1792 ceteros
876 1752 930 1791 uo·
986 1753 1034 1810 per
1043 1735 1198 1804 Christum,
1209 1738 1274 1809 quia
1284 1735 1357 1792 fame
1371 1735 1436 1792 fidei
1449 1734 1562 1792 illorum
1577 1743 1635 1792 erat
1649 1735 1787 1808 proiectus

125 1832 212 1892 catos,
242 1825 345 1882 seirent
368 1840 396 1880 se
420 1823 472 1880 suh
494 1822 552 1896 lege
575 1839 654 1897 agere
669 1838 725 1880 non
741 1823 851 1893 dehere,
867 1825 968 1908 quiass
987 1827 1158 1896 multorum;
1184 1834 1215 1882 ut
1239 1824 1293 1884 hoc
1306 1826 1397 1898 ipsum
1417 1825 1452 1882 ed
1465 1824 1516 1885 Dei
1529 1824 1730 1900 providentiam
1746 1843 1787 1884 re·

127 1913 190 1970 sine
215 1914 274 1988 lege
292 1912 382 1987 hloysi
407 1922 587 1986 susceperunt
609 1921 714 1971 aaeoerae
735 1924 829 1988 gentes
843 1915 930 1988 legem
985 1917 1056 1974 ierat
1071 1933 1118 1990 per
1133 1915 1287 1974 Christum.
1304 1917 1359 1974 dut
1379 1916 1452 1972 enim
1476 1914 1631 1990 gaudebant
1653 1914 1786 1984 roborati,

127 2003 247 2062 Christi.
985 2009 1032 2082 qui
1058 2008 1248 2067 crediderant:
1272 2007 1375 2078 caeleri,
1400 2007 1465 2082 quia
1489 2005 1623 2064 videbant
1648 2005 1787 2080 principes

166 2101 259 2174 (Vera.
284 2103 322 2176 7.)
355 2103 517 2164 ‹Omnihus
538 2103 585 2176 qui
610 2111 676 2160 sunt
702 2105 806 2173 lteruae,
822 2103 930 2160 dilectis
984 2116 1048 2156 suos
1076 2099 1179 2155 laotos:
1206 2105 1253 2154 aut
1276 2105 1348 2154 certe
1363 2097 1411 2172 qui
1434 2112 1490 2153 non
1508 2094 1692 2166 crediderant,
1712 2104 1785 2170 pote·

127 2189 179 2248 Dei
197 2192 269 2264 (25),
288 2195 395 2251 vocatis
409 2192 542 2251 sanctis·
563 2192 696 2261 Quamvis
711 2193 841 2251 Romanis
856 2193 930 2250 scri·
985 2197 1046 2245 rant
1073 2187 1168 2254 cedere
1199 2187 1298 2244 h⁰fflffl
1322 2187 1458 2260 exempl&
1490 2185 1582 2244 Facili
1615 2186 1690 2243 essim
1719 2184 1787 2244 sicit

124 2283 184 2350 hat,
198 2283 257 2342 illis
272 2293 364 2341 tamen
377 2285 497 2342 scribere
511 2300 540 2341 se
554 2283 701 2358 significat,
717 2285 764 2358 qui
780 2285 809 2341 in
833 2286 929 2344 ohari—
985 2277 1111 2347 inferlm,
1127 2275 1201 2350 (111οῑἰ
1216 2276 1275 2333 fiili
1290 2275 1393 2333 Viderit
1407 2292 1422 2332 ²
1437 2275 1528 2351 Ρῑῑθῑθ
1545 2275 1616 2348 (ἳ9)·

125 2379 182 2429 tate
202 2373 253 2429 liei
277 2381 352 2430 suut.
375 2374 428 2442 Qui
450 2383 515 2432 sunt
537 2373 578 2443 hi,
603 2375 657 2431 nisi
678 2373 726 2449 qui
740 2374 774 2431 de
787 2373 837 2432 Dei
857 2375 928 2433 Filio
1021 2377 1113 2449 (Vers.
1129 2375 1170 2447 9.)
1193 2375 1306 2432 ‹l‘estis
1320 2375 1393 2431 enirn
1410 2375 1480 2433 mihi
1496 2377 1628 2445 estDeus,
1640 2373 1787 2432 eniservio

126 2468 200 2518 recte
215 2461 368 2518 sentiunt?
382 2462 430 2519 lsti
448 2463 535 2519 sancti
550 2471 626 2532 sunt,
639 2463 765 2520 etvooati
779 2463 910 2520 dicuntur
919 2481 927 2533 ;
983 2464 1013 2523 in
1029 2465 1130 2538 spiritu
1144 2481 1216 2534 meo,
1235 2464 1431 2544 inlEuangelio
1446 2465 1512 2522 Filii
1539 2465 1608 2538 ejus,
1632 2464 1706 2540 quod
1727 2465 1787 2522 sine

125 2552 179 2608 sub
194 2552 351 2625 Legeenim
369 2537 481 2625 aghnles
497 2553 566 2609 male
582 2552 743 2625 intelligunt
766 2552 926 2612 Christum:
983 2556 1191 2614 intermissione
1218 2559 1381 2624 memoriam
1405 2559 1489 2616 uestri
1522 2558 1594 2616 lucio
1622 2574 1730 2631 semper
1756 2558 1787 2615 in

126 2648 154 2698 0¹
168 2639 301 2713 injuriam
315 2643 372 2698 ὓθθ
386 2641 460 2698 Ρᾶῑῐὶ
479 2641 597 2710 fissitlssir
622 2659 685 2698 cum
706 2659 740 2698 ³¹¹
761 2642 790 2698 in
818 2641 928 2700 Christo
983 2652 1156 2709 orationihus
1177 2651 1256 2708 meis.
1278 2676 1287 2699 ι
1313 2652 1348 2708 Ut
1366 2651 1479 2708 suadeat
1503 2649 1677 2719 charitalem,
1697 2650 1786 2707 Deum

125 2739 248 2812 perlecta
265 2738 434 2812 spessalutis
449 2737 495 2807 sit,
510 2737 650 2795 dubitant.
675 2739 739 2819 Ideo
762 2737 850 2796 sancti
872 2755 928 2795 non
982 2750 1079 2800 testem
1098 2744 1155 2813 dat,
1171 2745 1215 2802 eui
1236 2744 1331 2811 servit,
1348 2743 1382 2798 ud
1404 2759 1485 2816 quem
1510 2749 1537 2798 et
1553 2757 1660 2813 precem
1677 2758 1725 2815 pro
1740 2741 1786 2797 his

126 2836 202 2898 sunt,
220 2845 310 2903 neque
322 2827 413 2886 vocati
429 2827 570 2886 dicuntur.
780 2898 785 2906 Ι
983 2833 1060 2901 lacit,
1075 2850 1131 2890 non
1147 2834 1175 2889 in
1192 2834 1250 2905 lege
1264 2831 1420 2898 serviendo,
1437 2830 1483 2885 sed
1499 2831 1527 2885 in
1543 2829 1696 2901 Evangelio
1719 2828 1784 2885 Filii

169 2945 179 2969 ·
199 2920 295 2978 Gratia
309 2921 389 2978 robis
403 2929 430 2977 el
445 2921 531 2977 Para
548 2922 604 2977 Deo
620 2921 698 2976 Patre
717 2927 820 2989 nostro,
836 2927 864 2977 et
876 2922 927 2977 Do·
983 2921 1053 2994 eJns,
1069 2922 1122 2978 hoo
1138 2928 1189 2990 est,
1202 2937 1259 2977 non
1272 2921 1301 2977 in
1320 2917 1439 2992 eoquod
1454 2919 1561 2991 hloyses
1583 2935 1679 2975 servus
1699 2917 1782 2974 tredi-

126 3011 205 3067 mino
220 3010 285 3066 lesu
304 3009 453 3069 Christo.»
476 3009 597 3067 Gratiam
614 3017 642 3067 et
656 3025 749 3083 pacem
765 3027 827 3068 cum
843 3010 878 3066 iis
888 3009 928 3066 di·
983 3011 1036 3079 dit,
1062 3010 1109 3068 sed
1139 3009 1168 3065 in
1196 3027 1229 3066 eo
1253 3007 1325 3082 quoi
1350 3007 1439 3064 Filius
1459 3007 1656 3064 dilectissimus
1670 3006 1781 3074 doouit;

126 3101 167 3158 eit
193 3115 263 3170 esse,
292 3099 339 3175 qui
369 3109 442 3157 reate
468 3100 595 3158 credunt.
626 3099 719 3158 Gratia
744 3109 794 3169 est,
826 3101 929 3174 quiea
983 3107 1116 3174 quantum
1126 3098 1298 3157 enimdistat
1307 3113 1404 3154 servus
1419 3097 1569 3165 adomino,
1579 3106 1688 3154 teritum
1700 3095 1784 3152 distet

127 3197 251 3268 peccatis
265 3193 383 3251 absoluti
398 3204 479 3252 sunt:
503 3211 557 3268 par
572 3211 647 3264 vero,
670 3194 734 3268 quia
754 3210 789 3250 ex
802 3183 929 3252 inimicis
946 3217 968 3276 C
984 3189 1158 3262 euangelium
1174 3189 1280 3261 alege:
1298 3203 1354 3243 non
1369 3185 1443 3260 quod
1457 3187 1529 3243 mala
1543 3186 1579 3243 sit
1594 3186 1649 3256 lex,
1664 3185 1710 3242 sed
1720 3186 1785 3260 quie

127 3284 306 3346 renonciliati
315 3291 379 3340 sunt
388 3283 519 3354 Creatori,
531 3284 603 3342 sicut
616 3284 684 3342 dicit
695 3285 831 3342 Dominus
845 3304 851 3342 :
876 3286 930 3342 ‹ln
986 3278 1085 3336 melius
1098 3286 1139 3335 est
1158 3277 1351 3350 Evangelium.
1367 3278 1425 3333 Deo
1439 3275 1531 3350 itaque
1544 3276 1631 3334 servit
1647 3276 1675 3332 in
1694 3275 1784 3332 Evan-

127 3393 325 3455 quamcnnque
341 3375 451 3433 donnum
467 3376 643 3446 introieritis,
659 3384 686 3432 et
700 3377 854 3448 receperint
870 3393 929 3444 vos,
986 3368 1056 3440 gelio
1080 3367 1144 3425 Filii
1166 3366 1235 3439 ejus,
1261 3374 1292 3423 ut
1314 3364 1440 3423 ostendat
1463 3366 1514 3422 Dei
1528 3381 1586 3423 esse
1600 3365 1782 3434 voluntatem,

126 3468 238 3526 dieite:
262 3467 320 3525 Pax
343 3467 409 3524 huie
430 3466 526 3525 domui
552 3467 628 3539 (aee.
643 3484 673 3536 x,
690 3466 731 3538 5).
748 3491 757 3515 ι
780 3469 857 3524 Etut
872 3467 931 3524 sine
986 3465 1016 3513 ul
1030 3457 1156 3515 credatur
1171 3456 1199 3512 iss
1215 3455 1367 3514 Christum·

128 3559 243 3619 Christo
255 3558 360 3615 nullam
376 3574 433 3615 esse
448 3573 540 3631 paoem
557 3564 584 3615 et
596 3573 672 3630 spem
687 3555 809 3623 doceret,
831 3555 932 3628 adjecit

129 3648 246 3724 gratiam
261 3659 288 3705 et
301 3663 394 3722 paoem
410 3663 467 3704 uon
483 3648 574 3705 solum
588 3663 603 3704 a
618 3649 677 3704 Deo
699 3645 779 3704 Patre
794 3663 863 3715 esse,
884 3647 931 3705 sed

128 3749 155 3796 et
172 3737 313 3796 aChristo
326 3738 400 3794 lesu.
418 3738 506 3795 Deum
522 3738 629 3794 Patrem
645 3743 771 3794 nostrum
787 3735 857 3794 dicit
872 3753 932 3810 pro·

129 3836 192 3904 pter
202 3827 349 3912 originem,
364 3826 430 3901 quia
443 3826 478 3884 ah
492 3825 552 3900 ipso
571 3833 636 3882 sunt
658 3826 768 3882 omnia:
791 3824 932 3883 Christum

129 3927 223 3975 autem
239 3917 401 3987 Dominum,
414 3917 480 3992 qaia
494 3915 554 3991 ejus
566 3915 701 3991 sanguine
718 3915 865 3990 redempti,
887 3916 933 3972 ie-

129 4008 168 4066 cti
188 4025 286 4067 sumus
304 4008 357 4066 lilii
372 4008 437 4067 Dei.

168 4099 261 4171 (vers.
277 4099 319 4172 8.)
340 4098 484 4155 ·Pri1num
497 4096 609 4173 quidem
624 4097 725 4168 gratias
739 4111 790 4168 ago
802 4097 859 4153 Deo
872 4109 933 4152 meo

131 4207 181 4264 per
194 4191 288 4248 lesum
306 4189 448 4249 Christum
463 4207 513 4264 pro
527 4187 657 4245 omnibus
670 4186 768 4254 vobis;
785 4187 851 4260 quia
865 4183 933 4241 lides

1027 3579 1038 3604 ι
1055 3555 1107 3614 Cui
1124 3564 1151 3612 et
1160 3557 1261 3614 servio.
1282 3581 1292 3605 ι
1314 3554 1479 3625 Quomodo?
1497 3579 1507 3603 ‹
1522 3553 1551 3611 in
1565 3554 1747 3626 spiritameo,
1768 3578 1778 3603 ι

986 3645 1088 3720 inquit,
1109 3661 1165 3702 non
1187 3647 1216 3702 in
1241 3647 1453 3705 circumcisione
1470 3645 1637 3714 manufacta,
1652 3659 1740 3718 neque
1755 3643 1784 3700 in

973 3742 1151 3812 neomeniis,
1166 3749 1194 3798 et
1208 3741 1338 3812 Sabbata,
1354 3750 1381 3798 et
1395 3740 1562 3799 discretione
1578 3755 1721 3796 escarum:
1738 3736 1786 3795 sed

988 3833 1016 3890 in
1032 3834 1143 3907 spiritu,
1162 3833 1257 3902 idest,
1273 3835 1302 3890 in
1319 3842 1422 3890 urente
1442 3833 1513 3901 Quia
1525 3831 1721 3904 Deusspiritus
1734 3837 1785 3899 est,

987 3925 1087 3998 spiritu
1101 3925 1145 3980 vel
1159 3923 1252 3980 animo
1267 3924 1361 3997 potius
1370 3922 1450 3979 debet
1463 3921 1505 3979 illi
1520 3921 1637 3988 serviri3
1653 3920 1697 3977 cui
1711 3919 1785 3976 enim

988 4012 1082 4069 animo
1096 4012 1227 4082 servitur,
1243 4029 1277 4068 en
1291 4012 1346 4069 lide
1360 4012 1402 4068 illi
1418 4010 1549 4068 servitur.
1566 4009 1631 4066 Haeo
1644 4015 1671 4064 et
1686 4007 1786 4064 Domi-

987 4121 1041 4160 uus
1059 4103 1148 4159 lactus
1172 4109 1213 4159 est
1234 4103 1267 4159 ad
1289 4100 1493 4169 samaritidem,
1513 4107 1656 4172 putantem
1668 4095 1742 4170 quod
1757 4095 1787 4151 in

989 4199 1082 4250 monte
1097 4192 1206 4248 adorari
1221 4209 1248 4248 s*
1263 4194 1337 4249 Deus
1352 4192 1432 4259 velit,
1446 4189 1561 4245 dicens:
1584 4209 1593 4232 ι
1608 4185 1693 4242 Venit
1707 4184 1786 4254 hora,

131 4288 225 4338 (ΒΜ
251 4281 433 4338 annuntiatur
454 4280 483 4336 in
511 4280 642 4336 universo
663 4277 777 4334 mundo·
802 4301 812 4325 »
841 4275 934 4333 Fissiid
988 4290 1014 4341 el
1029 4298 1103 4339 nune
1117 4291 1167 4340 est.
1192 4281 1302 4356 quaudo
1318 4281 1376 4336 veri
1395 4279 1551 4336 adoratores
1572 4275 1726 4334 adorabunt
1740 4276 1787 4331 Pa-

132 4370 294 4446 praeiatione
305 4378 369 4428 ente
383 4369 476 4426 omnia
490 4369 620 4442 gaudium
636 4385 716 4426 suum
733 4384 790 4425 esse
804 4374 933 4434 testatur,
988 4381 1057 4430 trem
1067 4371 1097 4428 in
1107 4371 1210 4444 spiritu
1220 4379 1244 4425 ct
1255 4369 1381 4426 veritate.
1396 4367 1508 4426 Etenim
1518 4366 1598 4422 Pater
1611 4365 1679 4422 tales
1689 4364 1788 4439 querit

130 4468 231 4536 ⁰²9⁰oe
248 4460 369 4533 dentium
385 4460 543 4533 Ali⁰⁵l0¹11³‚
571 4459 643 4534 quod
666 4476 730 4518 eum
754 4459 870 4516 Romani
886 4473 934 4514 re·
989 4461 1037 4535 qui
1061 4461 1178 4518 adorent
1202 4476 1275 4516 eum.
1291 4457 1410 4531 Spiritus
1430 4464 1470 4515 est
1485 4457 1558 4513 Deus
1572 4456 1667 4528 (Jonas.
1687 4470 1726 4524 ru,
1742 4454 1787 4511 23·

130 4567 249 4632 gnarenl
262 4557 292 4614 in
310 4555 424 4624 mando,
444 4555 612 4628 subjecerint
625 4570 654 4612 se
673 4551 739 4611 fidei
758 4553 970 4642 Christianae,D
988 4552 1071 4623 utp·
1099 4551 1252 4608 edorauns
1271 4567 1346 4624 ergo,
1363 4549 1392 4606 in
1408 4547 1508 4622 spiritu
1522 4556 1550 4605 et
1571 4547 1687 4603 veritate
1711 4560 1790 4617 opor·

130 4639 404 4722 qae'prudentinus
428 4645 521 4704 saeculi
546 4644 660 4702 humilis
683 4650 711 4700 et
734 4643 820 4700 stulta
852 4641 935 4699 vide·
989 4653 1028 4702 tet
1053 4646 1177 4714 adorare,
1206 4654 1234 4703 et
1256 4659 1312 4700 non
1336 4645 1413 4702 loeus
1435 4642 1588 4699 orationem
1604 4636 1789 4710 commendet,

129 4745 180 4796 tur
194 4735 266 4809 (26).
283 4735 352 4794 Cum
369 4736 532 4808 ergomulta
540 4741 631 4790 essent
644 4749 679 4790 er
693 4731 794 4808 quihus
807 4732 935 4805 gauderet
990 4736 1037 4793 sed
1060 4735 1176 4792 deuotus
1197 4736 1316 4792 aninius.
1346 4733 1404 4790 lloc
1427 4740 1477 4800 est,
1502 4731 1531 4786 iu
1546 4729 1662 4786 veritate
1677 4728 1791 4785 adorare

21 4883 31 4900 ,
131 4827 163 4885 in
178 4826 312 4885 Romanis
329 4825 421 4896 (erant
433 4826 508 4882 enim
522 4825 648 4881 doctore
667 4822 860 4880 rnerriorabiles
876 4821 934 4896 (27)

131 4929 161 4978 et
177 4917 245 4975 boni
259 4917 353 4990 operis
367 4915 474 4989 cupidi,
489 4916 662 4990 studiosique
681 4916 768 4987 magis
780 4913 877 4987 agendi
891 4913 935 4971 be-

132 5026 181 5078 ne,
197 5024 280 5082 quam
296 5007 443 5077 sermonis,
459 5007 532 5081 quod
551 5021 606 5064 non
625 5007 760 5079 longeest
773 5021 789 5061 a
804 5003 936 5076 religione

129 5097 258 5170 divina),
279 5099 308 5155 in
332 5097 385 5156 hoc
409 5105 502 5154 nmen
527 5099 648 5174 primurn
671 5095 788 5170 gaudere
810 5095 936 5165 sedicit,

131 5290 150 5345 d
171 5215 233 5287 (22)
251 5217 330 5274 Rom.
354 5215 434 5284 edil,
462 5214 535 5272 liitti
548 5214 631 5286 igitur
651 5215 795 5287 apostolos,
820 5219 851 5268 nt
867 5229 937 5284 prte-

152 5289 268 5344 inurent.

171 5359 222 5428 (25
248 5357 343 5416 Codex
357 5356 454 5425 hiiah,
470 5357 559 5413 Romae
575 5357 602 5410 in
617 5357 744 5413 charitate
762 5357 821 5414 Dei.

171 5429 221 5496 (26
252 5431 329 5486 Reor.
346 5428 413 5485 edit.
434 5429 501 5496 sola,
517 5427 607 5483 secali
631 5428 708 5498 hujus
731 5427 937 5485 stultonidetur.

171 5501 235 5574 (27)
253 5501 353 5558 Eadem
380 5499 460 5568 edit,
483 5499 632 5571 discipline
650 5500 778 5566 morali-<3
794 5507 849 5556 vet.
870 5499 936 5556 edit.

131 5583 160 5630 et
181 5573 276 5644 plures
291 5589 368 5642 mss,
394 5570 539 5638 doetrinae;
558 5569 682 5644 quidam,
705 5571 857 5642 disciplina,
882 5587 941 5626 ma-

132 5643 292 5700 maroelles.
316 5643 353 5698 At
378 5642 495 5699 omnino
515 5641 661 5715 legendum
682 5659 745 5699 cum
778 5639 858 5700 Carn.
887 5659 940 5698 ms.

133 5715 265 5774 ὼανὶρα
279 5715 472 5785 naamatites,
488 5713 542 5772 nisi
556 5712 618 5790 qais
630 5713 709 5772 malit
720 5729 783 5772 oum
798 5713 862 5774 Vat.
877 5713 939 5772 cod.

991 4825 1019 4880 in
1034 4823 1135 4898 spiritu
1150 4823 1238 4879 Deam
1260 4822 1394 4893 Spiritum
1413 4829 1440 4877 et
1466 4818 1618 4884 Christum,
1644 4830 1732 4874 unuin
1756 4831 1792 4872 ex

991 4929 1045 4987 quo
1060 4911 1163 4980 omnia,
1180 4920 1207 4969 et
1221 4927 1308 4968 unum
1324 4925 1467 4985 perquem
1482 4908 1576 4966 omnia
1597 4907 1626 4976 (l
1637 4905 1701 4964 Cor.
1729 4921 1791 4970 vuar,

991 5003 1031 5074 6).
1047 5003 1104 5060 llos
1121 5001 1221 5076 querit
1235 5001 1392 5058 adoratores
1411 5000 1500 5056 Pater.
1522 4998 1670 5054 ldemorem
1686 5011 1750 5067 ergo
1764 5009 1793 5052 se

992 5093 1107 5150 illorum
1123 5091 1152 5148 in
1174 5091 1348 5151 orationibus
1368 5090 1427 5148 sais
1450 5088 1564 5162 llagitat,
1586 5096 1617 5145 ut
1631 5087 1748 5145 seminet
1764 5085 1793 5140 in

991 5212 1120 5269 doctriito’
1137 5209 1329 5267 munerabilis.

1029 5283 1088 5353 (28)
1106 5282 1199 5341 Codex
1216 5283 1238 5340 R
1258 5280 1334 5352 mig,
1360 5279 1412 5336 ista
1437 5277 1551 5336 inserit:
1571 5277 1645 5335 Mira
1669 5275 1736 5333 euin
1750 5288 1793 5354 res

993 5355 1141 5422 ordiatur,
1158 5361 1187 5410 nt
1212 5353 1314 5410 domini
1326 5352 1443 5426 gentiunt
1458 5351 1654 5409 inclinarentur
1678 5359 1793 5419 promis·

994 5426 1240 5483 sioniindaornn.
1682 5484 1688 5496 ι

1032 5497 1090 5570 (29)
1108 5499 1147 5554 lta
1161 5505 1216 5554 vet.
1237 5497 1305 5554 edit.
1321 5513 1353 5553 ac
1368 5511 1433 5552 mss.
1449 5493 1619 5565 complures:
1644 5484 1712 5567 edit.
1729 5501 1794 5543 vero

996 5568 1062 5627 Gill.
1086 5569 1116 5624 in
1137 5585 1222 5642 marg.
1246 5575 1274 5624 et
1297 5569 1376 5627 Rom.
1402 5565 1432 5622 in
1456 5580 1532 5635 corp.
1547 5573 1609 5619 cum
1630 5557 1694 5639 aluis
1717 5573 1795 5642 mss„

994 5639 1203 5714 principissam
1221 5639 1322 5711 [ratres
1343 5637 1394 5695 sihi
1416 5630 1642 5705 funestanda...
1667 5629 1797 5688 utderua

993 5713 1101 5769 cotmrc.
