4038 6168
157 362 226 421 roas
482 328 485 338 ’
600 367 829 428 esnuucauor
848 367 899 426 ex
914 367 1050 428 rosrmo
1069 323 1376 429 ru‘anocauursnu.
1739 367 1811 428 rota

155 493 225 549 bunt
245 506 303 561 ees,
327 492 375 566 qui
398 509 448 567 per
470 510 517 552 eos
540 479 726 564 crediderunt,
750 494 881 568 quoniam
904 511 954 568 pro
968 496 994 556 A
1008 501 1073 551 tuor
1098 493 1184 551 libros
1217 494 1366 562 dividitur,
1386 509 1435 568 per
1455 495 1543 553 multa
1567 495 1628 554 loca
1649 491 1810 552 Quema-

156 583 213 640 illis
227 583 361 642 omnibus
379 585 536 644 mercedem
551 585 695 661 recipient.
1012 595 1123 644 verunt.

190 681 403 738 mammetem
426 681 546 756 primum
563 681 662 754 jaspis.
690 681 779 755 Iaspis
800 681 900 738 viridis
928 698 960 740 ac
1050 682 1141 756 (Vera.
1160 682 1219 756 20.)
1237 682 1350 751 Quintus
1368 681 1507 738 sordonia.
1525 681 1663 740 Sandonis
1676 681 1812 742 candidus

156 772 243 846 pressi
257 771 359 830 coloris
372 780 413 829 est
429 772 487 846 (93)
506 791 513 829 :
535 772 672 846 significat
698 781 789 830 autem
804 771 898 829 fideles
912 788 960 828 sae·
1014 781 1065 845 est,
1080 776 1110 831 in
1120 775 1237 832 rubeum
1251 773 1372 832 colorem
1382 788 1531 847 parumper
1544 773 1688 832 declinans
1704 791 1710 831 :
1727 773 1811 848 signi·

156 861 273 931 culares,
298 861 345 935 qui
370 876 387 916 a
410 860 488 917 vitiis
508 861 689 932 abstinentes,
714 860 842 936 quamvis
864 877 958 918 eorum
1014 865 1078 922 licat
1091 870 1184 920 autem
1199 863 1339 937 simplices
1357 878 1480 936 quosque
1495 871 1522 920 et
1547 863 1708 922 innocentes
1723 864 1809 933 virne,

158 951 295 1022 viriditas,
321 951 349 1009 id
372 959 413 1008 est
434 951 514 1022 lides,
539 969 575 1010 ex
599 953 696 1010 mundi
716 951 822 1009 actibus
836 951 960 1025 aliquan·
1013 953 1061 1028 qui
1085 960 1196 1027 propter
1219 953 1284 1009 vitae
1298 951 1447 1025 puritatem
1462 970 1510 1026 per
1526 954 1646 1026 lapidem
1660 953 1810 1012 candidum

158 1042 247 1098 tulum
272 1040 432 1100 obfuscetur
448 1061 456 1112 ;
484 1042 667 1118 eleemosynis
689 1052 783 1101 tamen
804 1051 830 1099 et
853 1044 960 1101 caeteris
1013 1045 1199 1118 designantur.
1214 1043 1267 1113 Qui
1281 1059 1332 1116 pro
1346 1059 1378 1100 co
1392 1043 1465 1118 qnod
1481 1045 1634 1118 vigilando,
1647 1043 1809 1117 jejunando,

156 1129 352 1188 misericordiae
381 1132 511 1208 operibns
535 1140 645 1207 peccata
667 1149 716 1190 sua
742 1133 875 1190 redimere
903 1149 959 1190 non
1013 1133 1186 1204 abstinendo,
1201 1150 1234 1192 ac
1260 1133 1377 1192 diversis
1402 1134 1492 1192 modis
1520 1152 1635 1209 corpora
1660 1151 1711 1193 sua
1735 1134 1811 1192 aiiii-

155 1228 272 1278 cessant.
296 1221 352 1279 Nec
373 1221 422 1280 abs
446 1239 475 1280 re
497 1225 627 1297 estquod
648 1225 717 1280 tales
742 1224 770 1279 in
794 1223 884 1297 primo
898 1223 959 1280 loco
1013 1227 1112 1300 gendo,
1139 1225 1275 1298 martyria
1308 1223 1362 1281 sibi
1389 1223 1548 1298 imponunt,
1584 1226 1663 1299 quasi
1690 1227 1810 1286 colorem

155 1321 298 1385 ponantur
315 1331 321 1370 :
339 1312 457 1385 apostoli
473 1329 602 1388 namque,
619 1314 691 1371 sicut
704 1329 775 1386 saepe
791 1313 849 1385 jaun
872 1312 961 1370 incul·
1013 1316 1129 1373 rubeum
1149 1313 1248 1370 habere
1267 1312 1399 1370 videntur
1415 1330 1421 1370 :
1440 1313 1489 1386 qui
1507 1330 1565 1371 non
1583 1314 1810 1373 inconvenienter

155 1408 248 1457 catum
274 1408 326 1473 est,
355 1403 486 1459 timentes
508 1401 543 1458 iis
574 1403 621 1476 qui
650 1419 686 1459 ex
714 1401 841 1476 gentibus
870 1402 960 1474 primo
1013 1405 1042 1460 in
1057 1405 1155 1479 quinto
1180 1405 1240 1461 loco
1255 1411 1416 1476 ponuntur;
1439 1418 1487 1476 per
1501 1404 1659 1477 quinarium
1676 1406 1751 1464 enim
1760 1424 1810 1464 nn·

154 1489 340 1560 crediderant,
362 1491 515 1548 austeriora
537 1492 651 1550 Domini
677 1499 812 1566 precepta
834 1490 960 1564 commit·
1014 1511 1119 1552 merum
1135 1509 1205 1566 saepe
1224 1495 1347 1568 quinque
1370 1509 1466 1552 sensus
1484 1498 1608 1569 corporis
1621 1495 1809 1570 designantur.

155 1585 213 1636 tere
226 1597 235 1648 ;
249 1595 284 1636 ne
300 1578 371 1637 forte
387 1579 490 1636 duritia
505 1590 705 1655 preceptorum
718 1581 821 1650 territi,
838 1598 893 1638 non
908 1598 959 1638 au·
1013 1585 1113 1641 Beatus
1136 1601 1244 1658 quoque
1267 1585 1416 1658 Gregorius
1435 1584 1514 1654 dicit,
1539 1586 1605 1660 quia
1627 1603 1675 1659 per
1688 1587 1812 1661 quicqum

154 1668 253 1725 dorent
281 1668 315 1726 ad
341 1669 546 1743 suscipiendam
574 1669 678 1729 Christi
702 1670 785 1728 iidem
820 1669 958 1739 accedere,
1013 1673 1136 1748 corporis
1166 1675 1225 1746 (95)
1256 1689 1353 1729 sensus
1381 1674 1548 1730 exteriorum
1583 1675 1699 1734 scientia
1732 1676 1812 1735 desi-

153 1759 326 1834 scripserunt
339 1760 379 1816 eis
405 1778 411 1818 :
440 1785 449 1808 ι
472 1761 580 1818 Placuit
597 1761 712 1834 Spiritui
728 1768 822 1818 sancte
837 1769 864 1817 et
878 1759 960 1818 nobis
1013 1771 1112 1838 gnatur
1128 1781 1134 1820 :
1151 1772 1178 1821 et
1188 1763 1254 1836 qnia
1262 1762 1308 1818 isti
1316 1763 1486 1819 exteriomm
1495 1763 1639 1822 scientiam
1663 1782 1811 1841 quamper·

154 1851 230 1910 nihil
245 1853 388 1927 imponere
406 1853 486 1911 vobis
500 1853 603 1924 oneris,
619 1854 675 1910 nisi
687 1862 719 1910 ut
734 1851 894 1910 abstineatis
908 1871 958 1910 vos
974 1857 998 1920 Β
1014 1859 1155 1927 ceperunt,
1171 1851 1234 1908 aliis
1253 1849 1394 1926 impertire
1407 1851 1584 1920 studuerunt,
1603 1861 1675 1910 recte
1690 1855 1721 1912 in
1738 1853 1812 1913 sdi-

155 1945 353 2003 tantummodo
367 1961 384 2001 a
399 1944 593 2016 fornicatione,
614 1952 642 2002 et
660 1943 694 2001 ab
713 1945 857 2019 escisque
876 1943 959 2001 idolis
1014 1942 1078 2001 licio
1095 1940 1216 1999 civitatis
1233 1948 1333 1998 sanctae
1347 1939 1476 2013 quintum
1492 1941 1584 1996 locum
1599 1941 1738 2000 obtinent.

155 2035 350 2106 immolantur,
373 2043 400 2092 et
413 2051 429 2092 a
442 2035 586 2106 suffocato,
607 2043 635 2092 et
657 2035 791 2109 sanguine
817 2035 889 2108 (Aet.
909 2052 957 2106 xv,
1051 2040 1145 2095 Suetus
1159 2037 1279 2093 surdius.
1296 2036 1410 2094 Sardius
1424 2035 1496 2093 fulvi
1514 2038 1616 2094 coloris
1635 2046 1686 2109 est,
1702 2040 1750 2113 qni
1762 2055 1812 2113 pro

155 2127 203 2197 28,
227 2127 312 2200 99).»
333 2129 369 2184 Et
387 2128 417 2186 in
438 2128 494 2186 alio
518 2129 579 2186 loco
602 2128 699 2184 Petrus
722 2127 959 2185 conversationem
1014 2143 1047 2184 eo
1069 2126 1143 2201 quod
1158 2127 1188 2183 in
1203 2125 1391 2183 rubicundum
1411 2127 1533 2183 colorem
1548 2127 1753 2201 aliquantulum
1766 2128 1812 2188 de·

154 2219 283 2292 gentium
297 2235 423 2286 narrans,
434 2219 503 2278 dicit
513 2219 617 2277 ludaeis
634 2237 640 2277 :
663 2219 724 2275 «Et
734 2218 781 2293 qui
792 2217 961 2276 novitcorda
1014 2220 1119 2276 clinare
1140 2218 1260 2287 videtur,
1284 2233 1432 2291 pammper
1448 2217 1621 2277 obscuratur.
1636 2221 1687 2277 Per
1702 2219 1813 2278 fulvum

153 2310 240 2378 Deus,
264 2309 454 2368 testimonium
477 2309 629 2384 perhibuit,
657 2307 726 2366 dans
748 2308 805 2365 illis
825 2307 959 2382 Spiritum
1015 2310 1107 2385 itaque
1121 2310 1251 2379 colorem,
1269 2306 1317 2382 qui
1332 2323 1415 2364 aureo
1430 2306 1517 2365 colori
1534 2310 1747 2384 appropinquat,
1762 2308 1811 2366 tri·

152 2405 282 2465 sanctum
296 2399 369 2458 sicut
381 2409 409 2458 et
422 2399 514 2470 nobis,
532 2399 587 2457 lide
602 2399 752 2475 purificans
767 2397 850 2457 corda
864 2413 958 2455 eorum
1014 2397 1170 2456 bulationes
1183 2411 1250 2471 quas
1264 2395 1351 2453 uncti
1365 2395 1399 2454 ab
1415 2393 1543 2454 hostibus
1554 2398 1740 2472 pertulerunt,
1757 2395 1812 2453 de-

152 2487 240 2562 (Ibid.
256 2487 285 2559 8,
300 2487 340 2562 9).
356 2513 366 2538 ι
389 2488 552 2565 Quicunque
567 2507 631 2564 ergo
645 2491 713 2546 istos
725 2489 873 2547 imitantur
888 2487 957 2564 (al),
1014 2489 1158 2562 signantur
1174 2505 1179 2544 :
1196 2486 1298 2544 rubens
1313 2503 1381 2544 vero
1399 2488 1476 2544 color
1494 2488 1660 2562 martyrium
1674 2487 1809 2559 designat.

151 2576 185 2634 in
202 2575 290 2650 figura
307 2577 408 2652 lapidis
419 2579 538 2654 jaspidis
553 2580 744 2638 continentur.
1014 2580 1065 2636 Per
1079 2577 1201 2636 sardium
1215 2577 1301 2651 igitur
1315 2576 1403 2634 sancti
1417 2585 1444 2633 et
1462 2577 1576 2650 perfecti
1586 2575 1640 2633 viri
1659 2575 1812 2648 designan-

195 2673 329 2730 Secuudus
356 2677 508 2749 sapphirus.
541 2676 694 2751 Sapphirua
722 2674 832 2733 caerulei
860 2673 960 2732 coloris
1014 2680 1069 2740 tur,
1086 2674 1133 2744 qul
1147 2677 1208 2743 post
1226 2668 1426 2742 experientiam
1445 2668 1570 2724 omniurn
1585 2666 1732 2734 virtutum,
1748 2674 1811 2738 post

150 2771 210 2832 est,
225 2763 298 2820 sieut
312 2763 484 2837 hyacinthus
499 2783 506 2822 :
522 2766 570 2824 sed
584 2773 675 2840 guttas
688 2765 771 2823 habet
785 2765 959 2822 intermistae
991 2836 994 2842 .
1013 2763 1136 2820 diversas
1149 2759 1362 2833 persecutiones,
1377 2767 1438 2832 post
1452 2758 1586 2814 immania
1596 2763 1735 2814 tormenta
1748 2772 1810 2830 quaa

149 2853 280 2926 ejusdem
296 2854 407 2925 coloris,
424 2855 471 2912 sed
486 2855 626 2930 nigrioris.
643 2855 782 2914 Videntur
791 2856 873 2912 etiam
889 2853 959 2911 mihi
1014 2853 1048 2912 ab
1062 2852 1183 2910 inimicis
1206 2852 1389 2925 pertulerunt,
1408 2850 1441 2908 ad
1464 2849 1591 2923 martyrii
1605 2850 1725 2923 palmam
1743 2863 1811 2922 per-

149 2959 207 3018 per
221 2942 297 3000 hunc
314 2943 434 3017 lapidem
449 2946 593 3002 seculares
608 2945 720 3018 quidam
740 2943 794 3000 viri
812 2943 958 3016 designari,
1015 2942 1110 2999 venire
1132 2949 1293 2998 meruerunt
1309 2958 1315 2997 ε
1332 2941 1379 3014 qni
1403 2956 1458 2996 non
1483 2939 1633 3012 incongrue
1650 2938 1680 2995 in
1700 2937 1811 2996 senario

150 3031 283 3092 coelestia
298 3031 411 3106 qnidem
426 3032 622 3102 desiderantes,
639 3031 730 3089 sedin
746 3031 839 3089 saeculi
854 3031 961 3089 actibus
1016 3049 1142 3102 numero,
1156 3033 1203 3105 qui
1227 3031 1363 3104 perlectus
1378 3038 1430 3100 est,
1452 3037 1611 3104 ponuntur;
1632 3028 1697 3102 qnia
1710 3035 1737 3085 et
1756 3027 1812 3084 vir·

150 3121 251 3180 adhuc
264 3122 402 3193 occupati,
417 3137 453 3178 ex
467 3138 520 3195 qua
542 3121 722 3194 occupatione
742 3121 873 3196 quasdam
896 3137 961 3178 ma·
1017 3123 1123 3182 tutibus
1137 3121 1252 3195 perfecti
1267 3122 1444 3191 exstiterunt,
1471 3128 1499 3177 et
1513 3120 1599 3194 ipsam
1614 3119 1810 3193 perlectionem

149 3213 236 3272 cules
257 3211 420 3269 contrahere
440 3210 580 3268 videntur.
604 3211 659 3281 Qui
681 3228 730 3285 pro
753 3227 785 3268 eo
808 3211 881 3286 quod
902 3225 996 3287 cmc
1016 3213 1150 3286 martyrio
1160 3219 1339 3268 ornaverunt.

148 3303 241 3362 uibus
268 3301 342 3360 curis
365 3301 488 3359 celestia
507 3308 689 3376 anteponunt,
704 3301 766 3360 coeli
794 3300 895 3358 babere
916 3317 960 3359 oo·
1052 3313 1182 3384 septimus
1205 3309 1390 3381 chrysolithus.
1415 3307 1610 3382 Chrysolitbus
1624 3312 1814 3362 totneanreus

148 3397 245 3452 lorern
260 3391 413 3450 dicuntur:
430 3392 478 3474 qni
496 3391 528 3449 in
545 3393 667 3451 mcuudo
690 3409 807 3450 nurnero
831 3391 893 3450 ideo
913 3409 960 3466 po·
1015 3407 1066 3471 est,
1082 3408 1109 3458 ut
1131 3415 1202 3473 supe
1225 3415 1274 3473 per
1296 3415 1395 3455 aurum
1420 3397 1554 3470 sapientia
1573 3395 1742 3467 designatur.
1762 3392 1814 3449 Per
1849 3444 1857 3459 ,

150 3489 273 3552 1111111111,
289 3483 355 3556 quia
370 3485 459 3540 Deum
473 3499 554 3558 super
568 3483 673 3555 omnia,
688 3491 716 3541 0³
734 3482 876 3557 proximos
889 3483 962 3540 sicui
1015 3488 1220 3564 chrysolithum
1245 3503 1309 3560 ergo
1331 3487 1467 3561 sepientes
1487 3485 1517 3542 in
1540 3481 1664 3542 Ecclesia
1677 3480 1732 3538 viri
1760 3478 1814 3536 de-

152 3578 262 3654 seipsos
277 3576 390 3636 student
403 3577 529 3652 diligere.
1015 3585 1173 3658 signantur,
1205 3582 1253 3656 qni
1277 3589 1389 3656 propter
1408 3579 1543 3654 fulgorem
1573 3573 1713 3649 sapientia
1736 3569 1814 3628 aurei

197 3678 303 3738 Tertius
317 3678 511 3736 chalcedo-uiue.
532 3677 733 3738 Chalcedonius
747 3677 865 3736 rubeum
878 3676 961 3734 habet
1016 3673 1088 3747 apud
1106 3673 1233 3731 homines
1252 3679 1324 3731 recte
1338 3671 1394 3728 dici
1409 3675 1543 3744 possunt;
1567 3665 1614 3742 qni
1630 3669 1814 3738 congruenter

156 3769 293 3837 colorem,
317 3769 364 3828 sed
387 3779 479 3828 tamen
502 3769 660 3840 obscurum,
687 3769 741 3827 nisi
762 3767 961 3828 cavandoatte-
1017 3764 1046 3820 in
1062 3763 1178 3837 septimo
1198 3765 1259 3821 loco
1284 3769 1427 3837 ponuntur
1439 3779 1447 3831 ;
1471 3775 1504 3818 eo
1526 3758 1599 3835 quod
1613 3753 1814 3831 septemdenis

157 3868 263 3918 nnetur
280 3879 286 3918 :
303 3861 364 3933 ipsa
385 3877 452 3919 vero
472 3863 629 3921 concavitas
646 3861 865 3935 pulcherrimum
881 3861 961 3917 colo-
1015 3853 1135 3928 Spiritus
1150 3853 1237 3910 sancti
1260 3853 1369 3926 repleti,
1393 3851 1496 3909 multos
1517 3847 1610 3906 verbis
1630 3854 1659 3904 et
1679 3843 1814 3917 exemplis

158 3965 220 4006 rem
244 3956 271 4006 et
297 3951 482 4020 graussimum
512 3952 537 4008 ei
562 3952 679 4010 confert.
704 3951 847 4024 Significat
870 3957 962 4006 antem
1016 3945 1051 4001 ab
1061 3942 1207 4016 iniquitate
1219 3941 1386 4000 averterint.

160 4039 258 4096 911119
282 4042 426 4097 1911111111
446 4042 578 4113 9110111111
601 4043 687 4112 11101,
709 4042 886 4115 911191111119
902 4058 962 4097 1111·
1054 4053 1167 4110 Octouus
1181 4051 1307 4122 bogllus.
1322 4048 1451 4122 Beryllns
1468 4045 1578 4104 eximia
1598 4041 1734 4101 claritatis
1760 4046 1812 4110 est,

159 4128 342 4188 ctitatisante
357 4129 557 4202 persecutionis
575 4137 684 4204 tempus
706 4129 820 4198 suerint,
835 4129 963 4187 homines
1017 4141 1163 4199 mutuum
1189 4141 1310 4197 polorum
1340 4136 1445 4194 habens
1479 4134 1647 4199 admistum
1677 4127 1814 4202 significat

160 4219 246 4279 latuit
267 4219 333 4276 :sed
362 4234 378 4275 a
399 4217 620 4291 persecutoribus
643 4221 700 4278 suis
715 4219 833 4276 diversis
849 4217 963 4276 tribula·
1017 4238 1108 4286 aurem
1129 4245 1204 4303 pufae
1222 4227 1286 4286 vitae
1309 4225 1447 4294 homines,
1466 4229 1491 4279 et
1509 4220 1633 4278 asaecnli
1647 4218 1753 4276 actibus
1767 4234 1816 4292 per

160 4309 288 4369 tionibus
310 4309 455 4377 attenuati,
477 4317 597 4382 quantus
616 4309 746 4384 splendor
766 4309 920 4368 sanctitatis
934 4311 962 4367 in
1018 4320 1112 4378 omnia
1132 4319 1236 4376 alienos
1254 4336 1260 4376 ;
1280 4317 1326 4392 qui
1342 4332 1377 4373 nu
1391 4313 1545 4373 claritatem
1564 4312 1629 4369 vitre
1651 4326 1706 4368 sua
1720 4310 1815 4384 aliquo

160 4403 205 4461 eis
220 4399 341 4469 latuerit,
356 4398 463 4456 cunctis
477 4399 567 4472 patuit
586 4419 592 4458 :
607 4399 654 4473 qui
671 4415 727 4456 non
737 4400 964 4459 inconvenienter
1018 4408 1101 4466 modo
1116 4409 1294 4476 macularent,
1309 4405 1392 4463 etiam
1404 4421 1419 4460 a
1429 4401 1568 4460 consortio
1582 4405 1744 4457 caeiemrum
1759 4397 1816 4455 ho-

162 4495 195 4550 in
212 4490 295 4548 tertio
315 4491 376 4547 loco
392 4497 562 4563 ponuntur;
592 4505 624 4548 eo
646 4490 720 4564 quod
740 4491 770 4546 in
793 4491 964 4552 confessione
1019 4498 1127 4556 minum
1151 4497 1316 4572 sequestrari
1341 4493 1488 4550 valuerunt
1505 4509 1511 4548 :
1528 4504 1647 4565 qnorum
1661 4488 1772 4546 claritas
1786 4485 1815 4543 in

161 4589 266 4640 sancte
278 4580 422 4639 Trinitatis
435 4579 625 4654 perdurantes,
647 4579 682 4638 ad
696 4580 824 4656 martyrii
844 4583 962 4657 palmam
980 4594 1005 4656 n
1021 4588 1169 4646 ceruleum
1196 4586 1317 4644 colorem
1331 4583 1508 4652 vertebatnr;
1536 4581 1602 4658 quia
1619 4581 1689 4638 coelo
1710 4593 1817 4651 semper

162 4669 311 4745 pervenire
324 4669 487 4727 meruerint·
1019 4677 1130 4748 munti,
1160 4675 1312 4750 angelicam
1337 4673 1424 4731 vitam
1452 4671 1525 4729 inter
1552 4668 1679 4726 homines
1704 4667 1818 4726 duxisse

203 4772 321 4840 Quarteu
347 4769 514 4844 sumregdus.
543 4769 662 4828 Eximiae
685 4769 903 4845 pulchritudinis
926 4780 965 4830 at·
1018 4747 1233 4843 chunprobantur
1248 4785 1254 4824 :
1272 4765 1319 4840 qui
1341 4780 1397 4820 non
1423 4759 1653 4819 inconvenienter
1673 4759 1704 4816 ln
1719 4766 1818 4816 octavo

163 4879 220 4938 t1¹¹e
241 4861 394 4919 iifidiiiiii
413 4868 464 4930 esi,
488 4861 518 4918 in
541 4869 648 4919 tantum
669 4871 701 4921 ut
722 4879 755 4919 ea
769 4879 829 4936 quae
850 4861 924 4920 circa
937 4879 965 4920 se
1019 4860 1080 4917 loco
1093 4867 1252 4932 ponuntur;
1264 4856 1308 4914 bis
1320 4869 1437 4928 namque
1448 4851 1573 4926 quaterni
1589 4850 1660 4906 liunt
1669 4856 1732 4906 octo
1745 4847 1816 4920 (96).

163 4959 242 5022 sunt,
257 4968 308 5008 sua
322 4949 462 5007 viriditate
477 4949 593 5008 inliciat.
609 4950 752 5024 Significat
763 4959 855 5008 antem
868 4951 965 5025 predi·
1019 4945 1230 5017 Quaternarinm
1255 4945 1347 5018 itaque
1375 4955 1521 4998 nnmerum
1543 4939 1591 4996 isti
1612 4937 1798 5035 impleverunt
1808 4954 1816 5005 ;

163 5051 274 5100 catores
287 5047 406 5110 sanctos,
416 5039 499 5113 quiet
510 5039 564 5096 lide
574 5038 688 5109 virides,
699 5047 727 5097 et
738 5041 966 5116 virtutibusprae·
1020 5039 1086 5112 quia
1100 5033 1246 5108 Evangelii
1261 5038 1426 5107 preceptum
1441 5027 1528 5086 secuti
1542 5032 1616 5096 sunt,
1637 5025 1711 5100 qnod
1725 5023 1794 5124 dicit
1810 5042 1816 5081 :

164 5130 247 5200 611111.
275 5129 448 5204 splendorem
472 5145 528 5186 suae
551 5129 616 5186 fidei
639 5129 815 5203 predicando
842 5129 967 5189 eircum—
1028 5153 1038 5178 ι
1057 5127 1143 5196 Vade,
1157 5125 1246 5183 vende
1260 5121 1353 5181 omnia
1367 5137 1428 5194 qnae
1442 5118 1537 5190 babes,
1553 5123 1580 5175 et
1593 5116 1629 5174 da
1642 5112 1817 5190 pauperibus,

165 5235 277 5294 quaque
301 5226 459 5293 sparserunt
476 5237 483 5276 :
499 5217 547 5292 qui
575 5218 637 5276 ideo
665 5218 694 5274 in
719 5227 817 5294 quarto
844 5221 905 5278 loco
920 5238 966 5294 po
1021 5225 1048 5275 et
1061 5215 1176 5274 habebis
1198 5213 1359 5271 thesaurum
1374 5211 1402 5267 in
1417 5208 1498 5278 coele,
1512 5214 1539 5264 et
1554 5207 1629 5274 veni,
1647 5219 1760 5278 ecquem
1776 5219 1819 5259 me

166 5317 286 5379 ¹1¹1¹¹i¹¹r2
299 5327 331 5368 0⁰
345 5309 419 5384 quod
433 5309 587 5368 doctrinam
602 5309 756 5382 Evangelii,
773 5326 834 5384 quae
848 5310 879 5368 in
895 5327 969 5385 qna·
1022 5307 1130 5382 (diutile.
1158 5319 1218 5373 xrx,
1242 5301 1301 5374 91).
1322 5325 1332 5350 ι
1357 5296 1568 5367 Quaternarium
1595 5307 1742 5352 numemm
1769 5290 1820 5350 du·

208 5471 267 5546 (93)
280 5473 321 5529 lta
334 5487 399 5528 mss.
414 5489 422 5540 ;
442 5469 509 5528 edit.
524 5477 628 5540 autem,
642 5471 733 5546 Iaspis
746 5489 806 5530 vero
820 5473 917 5530 edidis
937 5489 968 5530 ac
1022 5467 1135 5539 quiaque
1146 5482 1236 5548 seusus
1249 5463 1383 5546 coeperim
1405 5469 1501 5542 contra
1515 5473 1581 5515 vero
1595 5454 1690 5516 cuncti
1704 5469 1769 5511 mss.
1788 5452 1818 5510 in

168 5545 251 5618 spissi
263 5543 360 5602 coloris
373 5550 419 5600 est.
1022 5547 1142 5596 nostram
1159 5543 1362 5596 restitutionem
1378 5538 1564 5590 consentiunt.

208 5615 267 5690 (at)
283 5617 385 5674 Omnes
400 5616 480 5683 edit,
494 5615 577 5672 Deum
592 5615 755 5686 imitantem
776 5633 873 5674 omnes
887 5633 966 5686 mss,
1059 5610 1129 5692 (9⁶).
1147 5610 1196 5667 Bis
1220 5623 1332 5679 nomque
1355 5602 1480 5676 quaterni
1504 5603 1574 5675 fiuut
1594 5605 1662 5670 octc,
1690 5613 1726 5656 ex
1752 5613 1819 5656 mss.

168 5689 397 5745 islociruitouiur.
1023 5690 1189 5742 mmmm,

209 5761 268 5836 (95)
292 5759 401 5819 Eaedem
424 5758 503 5832 edit,
526 5759 707 5834 duigucntur.
731 5762 801 5832 Quia
819 5761 903 5836 igitur
919 5777 969 5834 per
