4038 6168
113 288 184 349 tnta
665 291 713 350 DE
731 287 963 351 vmnmnvlrn
983 290 1088 353 LIBER
1106 293 1206 354 UNUS.
1697 308 1766 368 lats

111 431 193 474 mur:
217 414 267 490 qui
293 429 356 472 cnm
381 411 461 469 Patra
488 421 516 470 et
545 415 649 488 Spiritu
675 424 771 475 sancto
790 418 862 475 vivit
884 419 950 482 οιΑ
968 419 1178 493 intelligentiam
1195 421 1260 479 libri
1276 422 1406 497 bojasex
1423 433 1500 498 perte
1522 427 1625 486 donare
1638 427 1766 503 dignatus

110 512 206 580 regnat
220 504 250 562 in
261 503 362 562 secula
376 501 552 560 sucularum.
564 506 663 562 Amen.
760 573 767 582 Ι
967 515 1018 566 est.
1035 511 1094 582 Ego
1107 519 1198 568 numm
1214 519 1333 569 tractans
1346 513 1418 585 apud
1434 531 1478 572 me
1492 515 1563 572 illud
1587 517 1742 578 Salomonis
1757 539 1764 577 :

276 641 451 702 *vvir
469 643 666 704 lsslvvv
680 646 751 721 tv·
967 599 1390 766 tuitllltllllllel
1407 604 1766 773 titillabat

1394 736 1400 750 ·
1462 739 1469 765 r

145 772 280 847 Quisquis
299 787 400 828 nomen
416 772 538 828 auctoris
556 772 626 829 seire
641 773 788 845 desideras,
803 776 912 860 litterae
966 780 1144 838 considerans
1167 799 1248 855 grave
1278 783 1349 840 mibi
1376 784 1529 857 periculum
1557 785 1711 856 imminere,
1741 787 1764 844 si

108 863 317 937 expositionum
333 862 361 918 in
375 861 511 934 capitibus
529 871 633 935 septem
647 865 794 924 Visionum
809 869 912 941 primas
965 871 1160 945 parvissimum
1188 872 1359 944 thesaurum,
1387 891 1468 948 quem
1492 873 1564 932 mihi
1590 875 1765 947 omnipotens

107 951 230 1008 attende.
246 951 382 1008 Numerus
395 958 514 1024 quatuor
534 953 672 1010 vocalium
687 972 749 1030 quae
765 955 873 1028 desunt,
886 958 910 1016 si
963 963 1038 1020 Deus
1062 963 1155 1036 largiri
1183 961 1312 1036 dignatus
1338 971 1390 1031 cst,
1413 963 1528 1021 tacendo
1552 962 1763 1034 absconderem

107 1040 217 1098 Graecas
233 1041 367 1112 posueris,
397 1047 438 1096 est
460 1039 587 1096 LXXXI.
609 1042 680 1100 Ecce
704 1053 807 1118 quanta
833 1047 911 1120 potui
964 1051 1142 1111 considerans
1157 1053 1241 1110 etiarn
1271 1070 1327 1110 non
1354 1070 1398 1111 me
1424 1071 1483 1112 essa
1510 1053 1639 1112 idoneum
1668 1054 1763 1112 addo

107 1129 248 1190 brevitate
276 1129 351 1187 hunc
380 1128 482 1186 librum
505 1131 668 1205 conscripsi.
685 1133 805 1192 Obsecro
818 1145 910 1196 autem
964 1144 1050 1202 aenda
1073 1160 1105 1200 ea
1128 1161 1188 1218 qua
1209 1142 1407 1218 intelligebam,
1433 1163 1466 1202 eo
1483 1147 1557 1220 qnod
1571 1148 1665 1204 nullus
1688 1148 1763 1205 inve-

106 1227 143 1288 te,
164 1219 209 1277 ani
223 1217 301 1276 dedit
311 1220 384 1275 Deus
398 1216 542 1276 scientiam
560 1219 726 1292 litterarum,
742 1232 769 1280 et
783 1224 813 1281 in
829 1227 911 1300 cujus
964 1234 1081 1304 niretur,
1097 1235 1145 1308 qui
1155 1250 1231 1292 more
1244 1233 1388 1308 discipuli,
1406 1234 1566 1309 dignaretur
1591 1237 1675 1294 verba
1689 1237 1764 1294 insi.

107 1309 240 1367 manibus
268 1307 317 1364 hic
334 1306 453 1366 liberad
476 1308 620 1380 legendum
636 1311 787 1384 devenerit,
806 1322 837 1372 nt
854 1334 909 1374 nan
964 1324 1074 1397 pientiae
1090 1341 1156 1382 meae
1188 1323 1306 1394 audira;
1338 1325 1453 1383 delinivi
1479 1326 1551 1399 apud
1578 1325 1764 1396 me,nthauo

105 1409 220 1474 propter
234 1399 360 1459 foetidam
375 1417 407 1458 ac
421 1398 637 1478 rusticissimam
652 1401 836 1462 elocutionem
855 1423 908 1464 ser.
963 1430 1076 1487 parvam
1092 1414 1247 1485 seientiam,
1271 1431 1352 1488 quam
1369 1414 1439 1472 mihi
1454 1414 1550 1471 divina
1575 1415 1765 1472 misericordia

105 1507 203 1549 mones
216 1489 301 1562 bajus
315 1489 382 1548 libri
392 1488 524 1562 abjicias:
542 1488 707 1548 sedimitarc
715 1494 806 1565 potius
817 1491 908 1565 illum,
964 1505 1092 1574 eontulit,
1130 1505 1316 1580 qualicunque
1343 1505 1417 1579 stylo
1449 1521 1645 1580 prosequerer3
1662 1521 1697 1563 ne
1715 1513 1764 1562 aa.

106 1583 156 1658 qui
185 1599 322 1657 gemmam
338 1582 367 1638 in
382 1580 558 1656 sterquilinio
573 1589 710 1655 repertam
726 1585 824 1642 tandiu
839 1602 910 1660 aqua
964 1595 1070 1652 lantum
1097 1595 1209 1652 Domini
1237 1595 1290 1653 mai
1320 1594 1499 1666 abscondens,
1516 1612 1579 1655 cunr
1608 1596 1658 1653 illo
1683 1613 1763 1655 servo

106 1673 195 1732 nitida
210 1673 308 1743 abluit,
325 1689 412 1746 usque
426 1671 492 1729 dnm
514 1671 550 1729 ad
565 1672 739 1746 splendorem
760 1673 908 1747 pristinum
963 1682 1118 1752 damnarer,
1134 1684 1185 1758 qni
1207 1684 1318 1741 «abiens
1328 1683 1399 1741 fodit
1414 1685 1443 1742 in
1452 1692 1567 1755 terram,
1577 1693 1604 1742 et
1617 1685 1763 1745 abscondit

105 1764 281 1840 perveniret;
297 1763 378 1820 itaet
401 1771 431 1820 tn
446 1779 517 1837 aqua
531 1761 672 1836 sapientia
687 1773 742 1822 tuae
756 1765 837 1822 ablna
851 1767 906 1824 im·
922 1783 946 1845 B
962 1774 1107 1848 pecuniam
1131 1773 1237 1830 domini
1261 1772 1304 1830 sui
1324 1774 1433 1846 (Mean.
1450 1789 1519 1845 xxv,
1544 1774 1627 1846 18).›
1648 1777 1684 1834 Ει
1698 1777 1763 1850 quie

105 1855 210 1929 peritia
228 1869 296 1910 mea
308 1851 412 1922 sordes,
432 1852 544 1926 tuisque
558 1851 682 1924 pulchris
699 1860 727 1910 et
747 1856 907 1926 compositis
962 1863 1078 1920 idoneus
1091 1878 1149 1920 non
1162 1878 1224 1920 snm
1237 1861 1272 1920 ad
1282 1861 1478 1936 duplicandam
1492 1863 1638 1936 pecuniam
1648 1864 1763 1924 Domini

105 1945 198 2002 verbis
225 1958 365 2002 sermones
391 1941 475 2014 hujus
511 1941 575 1999 libri
603 1941 769 2002 necessarios
792 1946 905 2017 adorna,
963 1953 1029 2023 mei,
1057 1952 1137 2010 trado
1159 1967 1220 2010 eam
1249 1953 1462 2023 nummulariis3
1493 1961 1524 2012 ut
1552 1953 1611 2028 ipse
1636 1955 1761 2026 venians,

104 2042 241 2110 quaterna
269 2049 325 2090 non
349 2031 407 2105 jam
431 2048 448 2089 a
472 2033 598 2106 superbis
625 2033 775 2091 lectoribus
799 2035 906 2094 utilitas
962 2042 1078 2114 recipiat
1091 2041 1165 2116 quod
1179 2057 1260 2100 snum
1288 2050 1330 2100 est
1343 2061 1407 2102 cum
1428 2044 1763 2116 usura.'laante1n,oui

105 2124 171 2182 libri
186 2139 267 2182 eausa
291 2121 454 2180 rusticitatis
473 2121 628 2196 abjiciatur.
657 2123 720 2181 Scia
734 2123 808 2181 cuim
832 2126 905 2199 qnod
962 2132 1039 2206 loqui
1058 2133 1140 2206 caepi,
1155 2134 1376 2192 nummularium
1391 2151 1480 2204 voco;
1496 2134 1563 2208 quie
1584 2136 1657 2194 sicut
1675 2152 1763 2194 unm-

104 2212 234 2272 haecmea
247 2213 374 2286 impolita
387 2212 503 2270 dictatio
517 2229 534 2270 a
548 2213 644 2271 multis
658 2212 774 2270 scientia
795 2215 906 2273 littera-
962 2221 1097 2279 molarias
1120 2223 1267 2295 pecuniam
1287 2223 1499 2297 incompositam
1522 2223 1582 2282 suis
1603 2225 1761 2298 superscri-

104 2319 165 2360 ΝΠ]
179 2303 295 2361 tumidis
308 2303 457 2376 despuetur
470 2309 552 2378 atque
573 2301 797 2360 substnntbitur·
819 2305 905 2363 Indi·
920 2357 927 2373 ,
960 2312 1104 2386 ptionibus
1115 2313 1242 2385 adornat,
1256 2322 1287 2372 ut
1305 2323 1368 2388 apta
1381 2313 1418 2371 sit
1432 2313 1466 2370 ad
1494 2315 1572 2374 lucra
1585 2316 1760 2390 peragenda:

104 2391 262 2466 gnabuutur
275 2394 358 2451 etiam
373 2401 470 2452 contra
482 2408 536 2462 me,
552 2409 602 2449 aur
616 2408 665 2466 ego
675 2391 774 2459 idiota,
789 2400 816 2450 et
832 2394 904 2453 nihil
958 2402 1039 2461 itaet
1054 2411 1083 2460 tn
1102 2405 1174 2462 hano
1195 2405 1339 2478 pecuniam
1366 2403 1491 2473 Domini,
1506 2421 1588 2481 quam
1616 2405 1764 2466 tihieom.

105 2482 205 2552 sciens,
246 2484 466 2557 praesumpserim
502 2497 584 2555 super
611 2489 694 2540 tantae
726 2483 903 2543 obscuritatis
959 2494 1052 2564 mitto,
1068 2503 1165 2568 potens
1191 2511 1220 2554 as
1238 2503 1288 2553 tna
1316 2494 1451 2569 sapientia
1475 2495 1585 2569 tuisque
1600 2495 1761 2570 compositis

103 2571 209 2629 librum
234 2573 363 2630 volumen
387 2571 578 2646 Expositionis
598 2571 708 2630 cudere.
733 2572 839 2641 Quibus
863 2591 903 2632 re·
959 2581 1052 2639 vorbis
1081 2581 1228 2651 adornare;
1256 2590 1290 2640 ut
1315 2591 1378 2656 apta
1404 2583 1453 2642 fiat
1483 2583 1518 2641 ad
1543 2583 1620 2642 lucra
1646 2581 1760 2642 Domini

104 2663 227 2736 spondeo
247 2663 321 2736 quia,
349 2664 421 2722 siout
440 2671 521 2722 terras
544 2663 631 2721 sterili
656 2663 776 2737 amplius
794 2665 904 2736 proficit
959 2671 1048 2728 nostri
1066 2672 1131 2728 Jesn
1146 2659 1251 2730 Cbrie'ti
1265 2671 1433 2744 perficienda
1449 2689 1455 2728 :
1471 2674 1595 2746 scitoque
1609 2680 1636 2730 ta
1651 2689 1760 2730 merce·-

104 2752 226 2826 aspersio
243 2754 382 2824 stercoris,
398 2771 480 2830 qnam
494 2753 614 2828 alicujus
638 2756 744 2812 metalli
766 2757 900 2829 pretiosi;
958 2761 1021 2817 dem
1049 2761 1183 2833 optimam
1210 2760 1245 2817 ab
1265 2761 1324 2832 ipsa
1352 2776 1410 2818 essa
1432 2769 1616 2834 recepturum,
1650 2761 1673 2818 si
1711 2762 1758 2820 bic

104 2845 143 2901 ita
156 2853 184 2902 et
203 2846 324 2904 indoctis
337 2847 498 2904 bominibus
513 2849 575 2920 plus
589 2847 698 2920 prolicit
720 2847 817 2904 divina
831 2848 903 2914 Scri·
958 2845 1038 2918 liber,
1054 2857 1085 2906 ut
1104 2856 1181 2922 puta,
1196 2849 1327 2907 Ecclesiae
1341 2849 1391 2908 Dei
1414 2850 1592 2920 necessarius,
1607 2866 1656 2922 per
1669 2850 1758 2908 indu-

102 2943 185 3008 ptura
199 2935 376 2993 mediocriter
395 2937 511 3009 prolata,
522 2952 603 3010 quam
615 2937 636 2992 si
652 2935 844 3009 philosophico
855 2947 903 2996 aut
959 2940 1055 2998 striam
1083 2946 1159 2996 tuam
1185 2947 1267 3014 atque
1294 2939 1450 2998 doctrinam
1482 2941 1576 2997 sordes
1599 2940 1755 2998 dictionum

101 3026 210 3098 poetico
234 3041 360 3083 sermone
386 3027 561 3098 proteratur:
591 3025 733 3098 sciantque
750 3026 901 3085 Dominum
958 3030 1092 3098 amiserit,
1107 3031 1218 3106 tuisque
1232 3029 1324 3088 verbis
1337 3029 1498 3088 decentibus
1519 3038 1679 3101 anomalus,
1695 3031 1757 3088 uti-

102 3123 228 3173 nastrum
246 3116 338 3173 Jesnm
357 3116 500 3174 Christum
514 3123 685 3174 sacramenta
697 3115 830 3174 doctrinae
845 3135 901 3176 snae
920 3139 943 3201 ρ
959 3119 1014 3176 lior
1035 3119 1070 3178 ad
1098 3119 1310 3178 aedificationem
1334 3119 1483 3195 legentium
1506 3119 1565 3177 sive
1584 3119 1757 3178 audientium

100 3219 158 3262 non
170 3203 260 3278 primo
280 3203 464 3278 philosophis,
486 3205 533 3263 sed
549 3203 734 3278 piscatoribus
754 3209 828 3270 590
847 3215 903 3264 tra·
959 3208 1044 3268 inerit
1056 3209 1179 3269 enectus.
1196 3212 1254 3270 Hoc
1268 3218 1361 3268 umen
1375 3226 1433 3267 non
1451 3209 1591 3284 permitto,
1615 3217 1647 3268 ut
1661 3226 1759 3272 sensus

101 3301 215 3372 didisse,
230 3310 262 3359 ut
284 3317 334 3376 per
359 3302 508 3375 piscatores
528 3302 637 3359 venirat
660 3301 695 3357 ad
709 3300 900 3377 philosophos.
958 3299 1043 3372 hujus
1059 3300 1169 3358 libriin
1183 3300 1581 3373 aliossensnspermntentur;
1606 3300 1660 3356 nisi
1674 3300 1756 3370 torta,

101 3391 212 3449 Etenim
228 3391 276 3449 ille
299 3391 347 3466 qui
362 3391 438 3449 dedit
460 3391 544 3448 asina
566 3398 688 3448 sensatos
702 3405 841 3450 sermones
869 3395 903 3452 ad
957 3389 1033 3467 quod
1050 3391 1136 3460 absit,
1146 3392 1253 3467 aliquid
1265 3392 1295 3449 in
1309 3409 1341 3450 eo
1354 3391 1427 3467 qnod
1443 3392 1613 3450 contrarium
1627 3391 1665 3450 sit
1685 3391 1756 3450 veri-

100 3481 290 3555 carrigendam
300 3482 443 3556 propheta
453 3481 640 3554 insipientiam
656 3480 749 3553 (Nam.
759 3499 831 3552 run,
843 3483 902 3558 30).
957 3482 1018 3551 tati,
1034 3480 1194 3539 inveniatur
1208 3499 1217 3538 :
1229 3481 1304 3556 qnod
1322 3481 1448 3540 funditus
1462 3497 1521 3539 esse
1534 3480 1681 3540 delendum
1701 3479 1755 3538 de-

98 3572 159 3646 ipse
172 3572 241 3630 mihi
264 3570 381 3648 indigno
402 3581 429 3630 et
443 3571 569 3630 omnium
592 3569 738 3628 bominum
764 3572 903 3631 vilissimo
957 3573 1206 3642 communicante
1224 3571 1365 3630 inmelius
1378 3570 1615 3630 commutandum.

137 3717 197 3791 (lo)
215 3718 312 3776 lsthaec
327 3718 448 3777 auctoris
475 3718 628 3776 admonitio
651 3718 835 3792 praetermissa
862 3727 904 3779 est
959 3717 1088 3775 avulsum
1111 3715 1176 3788 fuit,
1191 3723 1431 3790 representamus.
1447 3715 1558 3775 Videtis
1577 3731 1638 3790 quaa
1658 3713 1692 3772 de
1706 3729 1757 3772 ea-

101 3787 131 3846 in
148 3790 338 3874 superioribus
352 3791 543 3849 editionibus:
573 3797 601 3847 at
623 3807 698 3848 eame
716 3791 823 3849 cunctis
839 3807 903 3847 ma·
956 3789 1020 3847 dem
1033 3788 1220 3863 premisimus
1242 3789 1273 3848 iu
1287 3787 1486 3848 admonitione
1498 3795 1593 3848 namra
1614 3788 1649 3846 ad
1671 3787 1755 3845 istum

98 3864 263 3935 nuscrlptis,
280 3871 394 3936 excepto
417 3863 612 3933 Gemeticensi‚
628 3862 674 3921 cui
697 3863 796 3921 lolium
814 3879 901 3921 unum
958 3861 1073 3919 librum.

1725 4033 1758 4046 -Ι

255 4177 323 4267 ΙΝ
367 4179 627 4268 LIBRUM
671 4180 754 4268 DE
797 4180 1244 4272 POENITENTIA
1285 4177 1603 4270 MONITUM

143 4497 225 4556 Hunc
247 4495 356 4555 librum
376 4497 408 4554 de
422 4495 580 4554 Paenitentia
599 4493 722 4554 ecodice
741 4494 897 4553 Sarbanicae
924 4494 1100 4556 bibliothece
1114 4499 1144 4556 in
1165 4515 1219 4575 qno
1235 4513 1336 4556 nomen
1350 4493 1491 4554 Ambrosii
1503 4501 1634 4568 tanquam
1649 4494 1759 4553 auctori

101 4587 173 4646 lalso
191 4588 365 4656 inscribitur,
381 4586 514 4645 Gillotius
527 4586 634 4660 primus
646 4585 745 4654 edidit;
756 4584 802 4643 sed
817 4585 856 4643 ita
874 4591 966 4644 tamma
980 4595 1011 4645 nt
1025 4589 1049 4647 ei
1066 4591 1157 4650 locum
1174 4607 1231 4648 non
1253 4589 1398 4658 tribueret,
1409 4587 1464 4644 nisi
1474 4593 1537 4660 post
1557 4586 1646 4660 Opera
1661 4587 1755 4644 omnia

100 4677 191 4736 sancti
205 4677 343 4747 Dentatis,
360 4684 387 4734 et
411 4675 538 4734 eumdem
562 4674 768 4750 supposititium
784 4691 842 4732 esse
864 4667 965 4733 validis
988 4677 1137 4737 admodum
1159 4679 1315 4738 rationibus
1338 4678 1546 4737 demonstraret.
1575 4674 1643 4748 Ejus
1662 4683 1753 4733 autem

100 4775 167 4824 sunt
182 4767 242 4827 hae
257 4767 444 4838 firmamenta,
473 4765 606 4823 nimirum
633 4765 706 4841 quod
731 4764 851 4822 elocutio
879 4765 915 4822 sit
939 4767 1074 4839 affectata,
1096 4778 1124 4828 et
1151 4770 1341 4829 Ambrosiano
1369 4783 1480 4842 pmrens
1502 4763 1658 4834 dissimilis,
1680 4765 1757 4839 quod

98 4858 195 4916 eadem
211 4857 260 4914 illa
274 4855 398 4931 asperior
413 4856 459 4925 sit,
474 4863 501 4913 et
515 4855 679 4929 quibusdam
697 4855 797 4924 verbis,
813 4871 874 4928 quae
885 4854 1050 4915 Africanum
1065 4860 1228 4934 scriptorem
1254 4861 1384 4928 ueterani,
1416 4855 1516 4930 passim
1545 4869 1662 4928 aspersa,
1679 4853 1754 4927 qnod

98 4949 265 5006 Ambrosius
279 4963 335 5004 non
351 4947 405 5004 nisi
425 4945 542 5003 duorum
559 4945 696 5003 librorum
710 4947 741 5002 da
750 4945 910 5004 Paenitentia
923 4945 972 5004 abs
986 4963 1014 5004 se
1026 4947 1165 5006 editorum
1180 4949 1348 5007 mentionem
1364 4947 1458 5014 iaciat,
1473 4943 1546 5020 quod
1562 4943 1646 5018 hujus
1659 4953 1754 5002 auctor

99 5039 208 5096 nullam
224 5035 321 5094 lecerit
332 5035 562 5107 Nonatlanornm,
577 5035 696 5109 deniqne
711 5036 784 5110 quad
799 5037 873 5096 idem
889 5050 984 5098 auctor
1006 5042 1060 5100 sibi
1074 5044 1182 5102 Victori
1206 5059 1307 5101 nomen
1323 5043 1407 5099 luisse
1433 5041 1463 5096 in
1486 5039 1560 5098 calco
1574 5039 1638 5096 libri
1662 5043 1753 5110 aperta

99 5129 208 5206 prodat.
224 5127 296 5186 Satis
309 5127 421 5202 quidem
436 5135 493 5184 erat
506 5127 635 5184 ultimum
650 5127 702 5184 hac
717 5140 897 5200 momentum,
914 5140 946 5189 ut
964 5130 1012 5190 hic
1029 5139 1162 5191 tractatus
1184 5133 1219 5190 ab
1241 5129 1389 5188 Ambrosio
1417 5128 1526 5186 alienus
1551 5143 1609 5184 esso
1634 5125 1753 5184 declara·

98 5227 188 5290 retur,
208 5218 256 5276 sed
275 5226 306 5275 nt
324 5226 505 5293 cognoscatur
518 5217 581 5292 quis
594 5217 758 5288 illeVictor,
774 5220 863 5276 solum
877 5237 934 5280 nan
948 5223 1062 5280 sutiidt.
1089 5224 1255 5280 Demaratus
1273 5219 1404 5280 Gillutius
1418 5235 1481 5276 cnm
1505 5233 1540 5275 ex
1560 5214 1703 5273 Gennadio
1720 5229 1753 5272 ac

98 5308 267 5366 vnttnemlo
282 5317 455 5384 compertum
471 5307 585 5365 haberet
600 5323 616 5364 a
629 5307 741 5366 Victore
754 5308 898 5370 Cartenna
913 5311 1048 5374 indiuisa
1068 5313 1198 5388 episcopo
1207 5313 1310 5370 librnm
1319 5313 1350 5368 da
1363 5309 1521 5368 Paenitentia
1538 5305 1622 5364 luisse
1635 5320 1753 5377 compo-

97 5399 196 5470 situm,
211 5415 268 5456 nou
285 5397 333 5457 alii
350 5399 456 5458 Victori
470 5397 546 5456 hunc
559 5397 740 5456 tribuendum
753 5399 950 5460 existimavit:
970 5419 1053 5478 quem
1079 5405 1257 5475 senentiam,
1286 5409 1382 5476 utpote
1407 5397 1532 5459 veritatis
1557 5397 1650 5455 colora
1677 5391 1752 5452 baud

99 5490 273 5560 destitutam,
283 5489 459 5564 postmodum
477 5489 597 5563 amplexi
610 5498 674 5548 sunt
688 5505 744 5546 non
764 5489 854 5563 pauci.
872 5491 975 5550 Verum
999 5500 1094 5552 tamen
1120 5493 1217 5569 opinio
1240 5493 1294 5551 ista
1319 5492 1430 5550 demum
1457 5483 1579 5556 evanuit,
1595 5489 1750 5558 postquam,

99 5579 295 5655 sagacissimus
308 5581 356 5640 illa
377 5587 502 5640 veterum
517 5577 645 5639 codicum
673 5579 817 5656 indagator
842 5579 1006 5638 sirmondus
1033 5580 1137 5642 bancos
1167 5583 1286 5658 opellam
1312 5577 1420 5639 Victori
1448 5571 1607 5632 tunonensi
1621 5570 1705 5630 stiam
1720 5571 1751 5630 in

99 5675 197 5736 Atrion
215 5673 343 5752 pontifici
369 5674 401 5736 in
414 5674 603 5750 manuscripto
627 5675 660 5737 D.
683 5675 775 5738 llario
793 5674 945 5748 bonnensis,
968 5683 996 5734 et
1030 5673 1061 5732 in
1079 5674 1134 5734 alio
1159 5673 1276 5734 abbana
1302 5663 1500 5728 Harivadlemis
1522 5660 1670 5737 ascriptam
1696 5659 1750 5735 lapi
