4094 6182
251 285 302 342 339
762 268 811 325 Ab
830 265 946 326 OPERA
965 264 993 322 S.
1012 261 1178 326 nnbnostt
1198 263 1384 328 APPENDIX.
1846 265 1897 330 999

255 408 338 474 verli,
365 411 545 476 llllstlfflluam
572 397 647 472 (1¹¹0d
674 392 826 466 aOfillissfib
857 390 1049 458 9999991989
1064 395 1089 456 Α
1107 425 1168 468 reus
1192 427 1247 468 non
1266 416 1306 467 est
1324 386 1397 484 apud
1422 409 1525 469 Deumt
1553 403 1601 484 qui
1628 411 1720 468 autem
1755 406 1897 470 scientiam

256 497 361 568 (dolat.
378 509 397 559 ι,
415 491 469 562 ill?
497 515 506 538 ι
532 489 561 545 Si
577 487 681 544 Galatis
709 497 870 556 99999939111
898 490 954 538 erat
976 480 1051 546 aliud
1105 501 1155 559 Dei
1168 517 1222 557 uon
1239 500 1331 569 habet,
1348 517 1410 557 reus
1424 509 1465 557 est
1484 497 1664 574 ignorantiu;
1681 497 1817 572 quianon
1835 501 1899 560 licet

254 585 386 655 9999990»
403 595 484 653 quam
512 575 690 650 aba1³0⁸f⁰lis
705 573 795 630 suelli
809 570 941 628 ‘sidilum
955 590 962 640 ἱ
978 585 1052 644 ‘lim‘
1106 587 1243 662 ignorare,
1258 587 1377 645 maxime
1390 587 1462 661 quod
1477 589 1596 662 pertinet
1610 588 1645 646 ad
1660 589 1787 646 salutem.
1801 590 1898 658 Quam-

253 674 335 732 mudo
351 671 505 731 Corinthiis
519 678 624 726 rectum
636 675 704 730 erat,
720 666 743 722 si
759 666 829 722 alius
844 665 970 723 Christus
985 679 1052 737 praa·

254 765 361 822 dicatus
375 761 432 817 illis
446 760 565 816 fuisset?
580 757 632 814 Sed
647 756 735 812 sciens
750 755 898 826 Apostolus
911 771 1052 828 nunquam

253 852 339 908 alium
366 849 506 906 Christum
535 860 617 917 qnam
645 845 732 912 hunc,
760 844 809 917 qni
836 843 987 901 crucifixus
1000 851 1050 912 est,

255 937 416 1013 praedicari;
443 933 547 991 idcirco
572 935 625 991 ait:
664 934 771 991 «flecte
800 933 1000 1004 pateremini»
1028 932 1051 988 si

253 1027 333 1082 vobis
362 1025 432 1080 alins
460 1023 551 1094 potior
578 1021 706 1079 Christus
734 1020 768 1077 ab
793 1019 838 1089 iis,
860 1022 908 1093 qui
925 1021 1051 1091 veniunt,

253 1113 418 1188 praedicatus
440 1111 546 1167 fuisset.
563 1109 668 1166 Galatis
692 1116 784 1166 autem
805 1109 951 1166 anathema
965 1108 1048 1179 dixit,

254 1205 278 1261 si
293 1201 369 1260 aliud
384 1201 520 1268 audirent,
537 1200 610 1273 quod
624 1216 682 1257 non
696 1199 792 1272 utique
807 1197 895 1270 majus
910 1209 990 1268 esset,
1005 1199 1052 1257 scd

255 1291 435 1351 contrarium.
467 1289 551 1344 Porro
588 1295 678 1345 autem
705 1287 778 1358 (99),
805 1286 906 1359 inquit,
933 1289 956 1344 si
995 1289 1053 1361 ipse

256 1381 383 1439 Christus
397 1377 561 1452 praedicatur
571 1377 605 1434 ab
619 1377 665 1447 iis,
677 1375 724 1448 qui
739 1393 755 1431 a
769 1376 852 1432 nohis
861 1376 1052 1449 annuntiatur,

256 1471 344 1528 etbcc
357 1467 557 1540 Evangelium;
574 1467 623 1539 qui
637 1481 725 1523 catrsae
741 1473 791 1533 est,
805 1472 837 1520 ut
849 1480 899 1522 nos
909 1465 1052 1522 inferiores

256 1559 416 1627 habeamur,
440 1573 503 1614 cum
527 1555 599 1612 nihil
617 1555 736 1628 amplius
752 1553 786 1610 ab
800 1554 857 1611 illis
871 1554 1052 1614 addiscatur?

231 1651 234 1657 '
257 1647 388 1721 Superius
403 1645 436 1702 dc
451 1645 686 1718 pseudoapostolis
695 1643 819 1716 loquitur
832 1643 897 1700 fidei
911 1653 1054 1717 corrupto·

1106 676 1200 734 obrem
1229 677 1386 749 Apostolus,
1419 683 1509 750 spreta
1542 675 1709 750 eloquentia,
1742 675 1770 734 id
1793 679 1898 754 agebat,

1106 772 1138 824 ut
1164 763 1232 824 fides
1258 771 1327 822 teste
1351 766 1453 823 virtute
1479 767 1654 841 acceptabilis
1685 775 1773 837 csset;
1794 776 1825 825 ut
1843 785 1898 826 non

1106 854 1189 913 fidem
1219 854 1375 928 eloquentia
1404 854 1618 925 commendaret,
1648 856 1695 913 sed
1727 855 1826 927 virtus,
1854 859 1898 914 cui

1107 943 1180 1003 cedit
1205 941 1370 1017 eloquentia.
1404 967 1413 991 ι
1440 944 1473 1000 ln
1487 943 1616 1002 omuibus
1632 951 1722 1002 autem
1739 946 1901 1005 manifestus

1107 1049 1167 1092 sum
1193 1033 1307 1090 vobis·
1334 1033 1510 1091 Manifestum
1533 1047 1561 1090 se
1581 1033 1650 1091 dicit
1667 1049 1724 1092 esse
1748 1035 1901 1094 Corinthiis

1106 1120 1137 1179 iu
1152 1121 1299 1188 omnihus;
1327 1121 1460 1194 quianon
1483 1121 1647 1194 ignorabant
1672 1123 1755 1180 etiam
1770 1124 1899 1198 loquendi

1107 1207 1207 1267 hahere
1221 1210 1301 1266 illurn
1315 1209 1454 1282 peritiam,
1473 1217 1501 1267 et
1514 1209 1567 1269 hoc
1581 1211 1696 1268 scientes
1710 1211 1758 1268 alli
1772 1212 1901 1271 favebant

1107 1300 1136 1358 in
1150 1315 1193 1369 eo,
1212 1316 1267 1373 quo
1292 1299 1557 1357 istumtnfartoren
1580 1300 1758 1359 nesciebant:
1785 1301 1900 1376 ideoque

1107 1396 1261 1448 commotus
1285 1387 1417 1461 loquitur,
1434 1390 1498 1462 quia
1526 1389 1579 1448 hcc
1593 1390 1671 1462 pejus
1685 1398 1761 1458 erat;
1777 1400 1808 1448 ut
1836 1408 1898 1448 curn

1108 1477 1209 1535 scirent
1224 1477 1346 1534 illumin
1361 1478 1438 1534 nullo
1453 1477 1743 1548 deesse,humiliarent
1757 1480 1835 1537 illum
1851 1497 1900 1538 em·

1107 1567 1192 1637 teris;
1218 1583 1281 1626 cum
1309 1567 1444 1625 uidissent
1470 1583 1519 1641 per
1533 1583 1595 1626 eum
1610 1585 1666 1626 non
1682 1570 1769 1626 solum
1791 1569 1900 1642 impleri

1107 1655 1341 1732 pradicationem,
1357 1656 1403 1714 sed
1418 1663 1445 1712 et
1458 1657 1537 1730 signa
1562 1666 1590 1715 ct
1602 1657 1728 1733 prodigia
1741 1656 1801 1716 lteri
1817 1673 1901 1732 apus-

256 1738 345 1805 rihns,
372 1735 425 1793 hoc
449 1735 510 1790 loco
541 1740 631 1788 autem
659 1731 693 1788 dc
716 1732 789 1789 veris
803 1731 1028 1804 predicatoribus
1044 1752 1052 1804 ;
1069 1749 1199 1814 3101102,

259 1825 324 1898 quia
340 1824 416 1896 plebs
428 1821 636 1880 Corinthiorum
648 1821 732 1877 variis
739 1820 878 1878 erroribus
893 1823 1051 1893 fluctuabat,

255 1920 288 1968 ut
313 1911 399 1984 aliqui
427 1910 550 1966 faverent
575 1908 820 1983 pseudoapostolis,
848 1909 961 1983 quidam
983 1911 1053 1967 cisa

258 2000 360 2076 quihus
374 1999 534 2072 compositis
554 1998 645 2056 verbis
659 1998 753 2056 eadem
769 1998 925 2067 audiebant,
942 2013 1002 2071 quae
1018 1997 1051 2056 ab

257 2091 390 2163 Aposmlo
403 2087 566 2145 audierant:
591 2087 640 2144 alii
655 2096 746 2146 autem
762 2088 894 2162 apostolis
910 2087 1049 2156 favebant,

257 2179 321 2252 quia
334 2193 396 2235 cum
408 2177 526 2235 Domino
539 2177 657 2246 fuerant,
669 2178 824 2251 apostolum
840 2193 920 2260 suom
935 2177 1050 2233 Paulum

258 2266 453 2338 deformantes,
469 2266 534 2341 quia
553 2267 583 2324 in
597 2281 679 2324 carne
693 2283 750 2324 uon
772 2267 874 2324 viderit
889 2266 1050 2324 Dominum.

295 2369 387 2441 (Vera.
403 2370 445 2440 5.)
468 2391 477 2417 ι
491 2355 630 2426 Existimo
645 2368 719 2424 enim
733 2383 777 2424 me
792 2367 822 2423 in
841 2367 919 2424 nullo
933 2365 1052 2422 inferio-

261 2474 318 2516 rem
334 2457 418 2514 fuisse
433 2458 468 2514 iis
492 2457 538 2530 qui
565 2456 645 2514 valde
659 2465 724 2530 sunt
738 2457 866 2530 apostoli.
883 2479 893 2506 ›
914 2456 974 2513 Non
990 2455 1052 2512 uult

260 2548 375 2622 gratiam
389 2548 439 2605 Dei
454 2547 612 2604 inferiorem
628 2549 656 2605 in
679 2564 707 2605 se
721 2547 810 2606 videri
824 2565 831 2615 ;
847 2547 911 2620 quia
925 2543 1052 2602 similiter

258 2636 363 2704 docuit,
391 2644 418 2692 et
447 2635 541 2692 eadem
572 2635 647 2704 fecit,
674 2653 733 2710 qum
760 2635 898 2693 faciebant
925 2631 1050 2706 apostoli,

256 2725 304 2800 qui
319 2723 511 2797 propensiores
525 2723 690 2782 videbantur
701 2725 778 2797 (95);
794 2723 858 2797 quia
875 2721 980 2796 priores
993 2736 1053 2778 cm-

258 2820 355 2886 pcrant
370 2812 477 2880 docere,
497 2821 524 2869 et
545 2813 654 2868 fuerant
670 2829 732 2870 cum
748 2813 886 2869 Domino:
902 2810 975 2867 unde
989 2823 1052 2866 ma-

254 2901 324 2974 joris
347 2900 517 2958 auctoritatis
536 2916 594 2958 esse
609 2900 794 2973 putabantur;
809 2915 871 2956 cum
889 2897 972 2971 hujus
984 2913 1051 2970 apo·

260 2991 326 3046 stoli
340 2991 437 3047 electio
452 2989 553 3062 insigni
568 2990 682 3062 probata
692 2987 775 3045 fuerit
788 2987 985 3056 testimonio,et
995 2985 1051 3058 ipse

1144 1840 1236 1913 (Vere.
1252 1837 1293 1913 7.)
1315 1841 1397 1896 «Aut
1410 1836 1543 1912 numquid
1561 1845 1701 1912 peccatum
1713 1837 1776 1908 feci,
1794 1855 1837 1895 me
1850 1837 1900 1912 ip-

1107 1945 1168 1987 sum
1182 1927 1345 1997 humilians,
1362 1935 1393 1984 ut
1411 1943 1461 1984 vos
1475 1927 1637 1984 exaltemini
1651 1947 1659 1997 ;
1675 1927 1804 2002 quoniam
1819 1928 1901 2001 gratis

1107 2017 1287 2092 Evangelium
1302 2016 1351 2076 Dei
1365 2015 1511 2090 praedicavi
1525 2016 1554 2073 in
1565 2016 1667 2074 vobis?
1682 2041 1692 2066 ι
1712 2017 1846 2086 Quoniam
1861 2017 1901 2073 in·

1106 2107 1164 2166 flati
1185 2113 1272 2176 arant,
1288 2121 1319 2163 eo
1333 2103 1407 2178 quod
1421 2110 1546 2177 sumptus
1563 2103 1597 2161 ab
1610 2104 1650 2162 eis
1666 2104 1788 2178 accipere
1799 2103 1900 2172 noluit,

1106 2206 1134 2254 et
1147 2205 1257 2270 propter
1268 2193 1321 2252 hoc
1331 2194 1400 2251 alios
1414 2193 1439 2250 ei
1454 2193 1659 2267 proponebant;
1677 2193 1779 2252 idcirco
1794 2218 1803 2241 ι
1816 2209 1895 2250 nurn-

1107 2284 1174 2362 quid
1187 2284 1330 2359 peccavi·
1350 2282 1408 2350 ait,
1425 2283 1490 2356 quia
1503 2298 1547 2338 me
1562 2282 1720 2353 humiliavi,
1732 2292 1763 2340 ut
1777 2299 1820 2340 me
1830 2282 1901 2339 indi-

1107 2390 1190 2448 gnum
1219 2372 1254 2430 ad
1269 2369 1460 2445 accipiendum
1473 2370 1645 2446 judicarcm3
1663 2370 1726 2446 quia
1752 2370 1816 2427 inde
1830 2371 1901 2427 mihi

1106 2462 1268 2530 irascimini,
1291 2475 1356 2518 cum
1375 2457 1427 2518 hoc
1454 2474 1511 2516 non
1524 2459 1627 2535 peccati
1655 2461 1699 2529 sit,
1719 2459 1765 2518 sed
1780 2459 1901 2533 gloria?

1106 2553 1200 2627 Itaque
1211 2550 1251 2609 sic
1273 2565 1301 2607 sa
1316 2547 1487 2617 humiliavit,
1502 2564 1565 2606 cum
1581 2547 1609 2604 id
1624 2547 1698 2622 quod
1712 2548 1764 2605 sibi
1779 2547 1900 2604 deheba-

1106 2649 1162 2711 tur‚
1177 2656 1233 2697 non
1256 2637 1353 2710 exigit.
1369 2635 1498 2693 Debitum
1513 2635 1586 2692 anim
1602 2645 1670 2706 erat,
1685 2645 1717 2692 ut
1729 2645 1854 2709 sumptus
1866 2636 1900 2692 ab

1106 2733 1142 2790 iis
1168 2730 1313 2803 acciperet,
1337 2726 1436 2802 quibus
1454 2723 1619 2799 predicabat
1641 2726 1824 2798 Evangelium
1839 2724 1901 2792 Dei,

1106 2822 1177 2879 sicut
1192 2819 1326 2878 Dominus
1342 2815 1470 2884 instituit,
1487 2813 1600 2872 dicens:
1622 2815 1752 2889 ‹Dignus
1777 2821 1817 2871 est
1831 2829 1903 2886 ope-

1106 2913 1194 2972 rarius
1209 2909 1333 2969 mercede
1346 2923 1395 2966 sua
1409 2907 1486 2979 (tae.
1501 2922 1531 2974 x,
1546 2904 1593 2976 7);
1612 2901 1721 2960 »sedat
1737 2903 1773 2959 ad
1788 2903 1905 2960 utilita-

1105 3015 1161 3063 tem
1185 3017 1280 3059 ecrum
1304 2997 1458 3074 proficeret,
1480 2992 1620 3052 refutarit.
1634 2991 1746 3050 Duabus
1767 2991 1842 3048 enim
1869 3007 1905 3048 ex

264 3078 384 3150 amplius
408 3079 466 3150 (96)
493 3078 598 3136 fitteris
622 3077 788 3133 ¹³b⁰¹³V0sst
816 3084 844 3133 0²
857 3075 1005 3134 D⁰ffii¹¹¹¹¹¹¹
1022 3074 1050 3130 5¹²
1068 3111 1090 3172 ρ
1107 3092 1196 3153 causis
1212 3090 1318 3148 oblatos
1343 3093 1469 3159 sumptus
1488 3082 1641 3151 refutavit;
1664 3095 1699 3137 uc
1715 3088 1741 3138 et
1762 3080 1904 3154 pseudoa-

261 3168 365 3240 templo
379 3183 459 3224 orans
471 3166 581 3236 viderit,
596 3173 623 3222 et
637 3167 746 3222 locutus
760 3164 795 3222 sit
808 3165 844 3222 ei.

293 3273 385 3346 (Vera.
401 3271 441 3344 6.)
464 3271 541 3328 «Sed
564 3277 592 3328 et
606 3271 630 3327 si
657 3271 800 3344 imperitus
827 3283 953 3328 sermone
980 3282 1052 3338 sum,

259 3385 315 3426 non
330 3377 422 3426 tamtm
437 3368 586 3425 scientias
610 3363 681 3423 199
696 3367 753 3422 Hoc
772 3383 827 3423 non
856 3366 891 3423 ad
917 3365 1053 3438 apostolos

258 3457 389 3531 pertinet,
405 3458 470 3528 quia
498 3471 553 3512 non
581 3463 660 3512 eraut
684 3456 853 3527 eloquentes,
876 3462 971 3526 utpote
993 3455 1052 3512 sine

257 3544 375 3612 litteris,
390 3545 463 3615 pleni
474 3551 565 3600 tamen
585 3543 690 3615 Spiritu
704 3551 818 3598 sancto:
834 3543 881 3599 sed
891 3541 942 3600 hos
956 3543 1052 3617 tangit,

259 3651 328 3708 quos
343 3633 524 3706 praeferebant
540 3631 689 3704 Corinthii,
717 3649 798 3690 causa
811 3633 931 3691 accurati
945 3649 1053 3690 sermo-

258 3723 322 3790 nis;
342 3737 404 3780 cum
426 3720 602 3792 irreligione
619 3721 663 3778 vis
687 3721 822 3780 sermonis
835 3722 986 3779 necessaria
1005 3721 1051 3790 sit,

256 3827 313 3868 non
340 3825 423 3868 sonus
446 3810 534 3867 dulcis
551 3811 621 3884 (97).
639 3810 783 3879 Quomodo
807 3818 898 3868 tamen
913 3827 941 3869 sa
956 3809 1053 3867 humi-

253 3899 315 3970 liat,
325 3907 356 3956 ut
369 3897 528 3972 imperitum
542 3915 570 3955 se
585 3915 642 3957 esse
657 3901 731 3959 dicat
744 3901 774 3957 in
789 3899 940 3957 sermone?
955 3901 991 3956 Et
1004 3899 1051 3957 ubi

1108 3181 1223 3258 postolis
1247 3177 1348 3237 similis
1370 3173 1551 3242 inveniretur,
1576 3168 1702 3246 quinon
1730 3168 1765 3226 ad
1788 3167 1902 3242 gloriam

1106 3271 1168 3340 llei,
1184 3267 1230 3326 sed
1246 3266 1280 3323 ad
1302 3281 1379 3322 suam
1399 3263 1547 3321 utilitatem
1570 3258 1765 3334 praedicabant,
1790 3267 1821 3315 ut
1842 3273 1900 3315 non

1108 3359 1279 3417 occasionem
1298 3355 1453 3427 acciperent
1469 3347 1663 3424 depraedandi;
1679 3347 1734 3404 alio
1755 3347 1827 3404 anim
1840 3363 1898 3405 non

1107 3449 1267 3522 accipiente,
1293 3460 1350 3502 non
1365 3448 1455 3518 potest
1477 3443 1546 3500 alter
1560 3440 1679 3497 multum
1704 3445 1851 3511 expetere:
1874 3447 1904 3496 et

1107 3557 1142 3600 ne
1169 3541 1248 3614 vigor
1274 3535 1439 3608 evangelica
1467 3533 1609 3609 potestatis
1636 3539 1817 3607 torpesccrct;
1852 3530 1902 3603 qui

1107 3631 1180 3688 enim
1205 3626 1414 3703 spectantibus
1428 3625 1538 3697 accipit,
1562 3621 1694 3697 arguendi
1709 3620 1900 3678 auctoritatem

1107 3722 1222 3780 amittit.
1243 3719 1289 3777 Sic
1301 3734 1365 3790 ergo
1380 3717 1548 3781 exaltantur,
1575 3730 1639 3772 cum
1654 3712 1716 3771 ideo
1734 3711 1768 3768 ab
1781 3711 1820 3767 eis
1843 3725 1901 3766 non

1107 3811 1251 3883 accipitur,
1266 3815 1298 3865 ot
1310 3806 1429 3879 correpti
1454 3802 1642 3874 emendentur,
1661 3818 1678 3860 a
1694 3807 1781 3860 morta
1800 3798 1901 3858 elevati

1107 3900 1141 3956 ad
1155 3899 1250 3955 vitam.

260 3998 302 4047 est
325 3989 406 4060 illud,
423 3988 496 4062 quod
516 3989 612 4048 Festus
626 3989 686 4047 ait:
709 3989 826 4058 «Paule,
843 3990 943 4063 inquit,
959 3989 1051 4058 Paule,
1143 3987 1233 4058 (Vera.
1245 3984 1287 4056 8.)
1311 3982 1411 4040 «Alias
1434 3981 1572 4041 Ecclesias
1599 3977 1759 4054 exspoliavi,
1786 3988 1903 4051 accepto

258 4082 353 4138 multas
369 4081 467 4139 litterae
483 4089 508 4139 te
523 4080 628 4139 faciunt
645 4077 790 4138 excordem
807 4078 865 4151 (98)
884 4077 953 4150 (Act.
970 4095 1051 4146 xxvi,
1107 4075 1242 4148 stipendio
1256 4073 1485 4131 administerium
1496 4080 1630 4129 vestrum.
1645 4070 1752 4128 Etcum
1763 4066 1837 4140 apud
1851 4083 1903 4121 tos

259 4171 308 4243 99)
320 4171 344 4226 t·
366 4171 425 4228 Hoc
443 4187 506 4243 ergo
521 4170 625 4240 dicens,
641 4185 697 4226 non
712 4185 740 4226 se
761 4166 836 4242 loqui
851 4169 954 4225 nescire
964 4168 1054 4227 voluit
1107 4180 1204 4232 assem,
1227 4169 1255 4218 et
1275 4175 1391 4233 egerem,
1415 4159 1486 4216 nulli
1512 4159 1603 4231 gravis
1616 4157 1694 4214 fui.»
1715 4155 1817 4213 Onerat
1830 4170 1899 4223 e0s;

259 4258 395 4330 intelligi:
412 4259 459 4315 sed
486 4267 596 4332 propter
611 4275 656 4316 eos
682 4259 730 4332 qui
756 4275 811 4315 non
827 4274 874 4330 per
898 4257 990 4326 fidem,
1005 4259 1049 4316 sed
1106 4253 1226 4313 ostendit
1241 4252 1314 4310 euim
1340 4266 1395 4307 non
1423 4251 1512 4306 solum
1533 4248 1654 4305 noluisse
1683 4262 1712 4304 se
1729 4243 1851 4316 accipere
1865 4245 1901 4300 ab

259 4360 310 4418 per
327 4346 512 4419 eloquentiam
540 4347 726 4404 commendari
754 4345 893 4403 volebant.
909 4347 945 4402 Et
974 4345 1004 4402 in
1020 4361 1051 4402 eo
1106 4345 1155 4413 eis,
1172 4342 1219 4400 scd
1234 4349 1260 4400 et
1284 4341 1318 4398 ab
1340 4339 1402 4398 aliis
1424 4338 1569 4410 accepisse,
1597 4343 1624 4393 et
1652 4335 1691 4393 eis
1718 4334 1898 4392 ministrasse.

253 4443 349 4492 tamen
364 4451 392 4490 se
418 4433 491 4491 dixit
505 4435 665 4509 imperitum
680 4438 753 4511 quod
769 4453 824 4494 non
839 4435 921 4492 habet
936 4435 1049 4504 crimem
1068 4466 1092 4525 D
1106 4433 1142 4490 Et
1157 4441 1187 4490 ut
1203 4428 1322 4488 multum
1336 4428 1388 4485 hoc
1402 4424 1528 4484 ostendat
1539 4425 1634 4494 fuisse,
1648 4439 1704 4481 nou
1720 4439 1826 4496 parum,
1843 4421 1897 4477 ait:

254 4523 285 4580 in
312 4538 344 4579 eo
367 4529 458 4580 autem
474 4523 548 4597 quod
568 4524 702 4598 acquirrit
716 4525 831 4581 salutem
850 4525 920 4598 (99),
935 4523 1051 4596 etcujus
1112 4547 1122 4570 ι
1139 4521 1216 4578 Alias
1238 4515 1392 4590 exspoliari
1417 4513 1554 4572 Ecclesiae
1573 4511 1607 4570 ad
1634 4511 1818 4568 ministerium
1846 4527 1904 4565 re-

257 4611 412 4683 ignorantia
436 4628 491 4669 nou
515 4619 588 4669 caret
615 4611 740 4684 crimine,
760 4628 816 4668 non
840 4629 868 4669 se
890 4611 1047 4686 imperitum
1102 4619 1226 4668 strum.»
1247 4607 1307 4664 Non
1323 4620 1408 4679 parva
1422 4619 1486 4675 ergo
1499 4601 1634 4674 significat
1647 4618 1676 4658 se
1690 4601 1719 4658 in
1735 4616 1781 4658 eos
1795 4600 1904 4671 impen-

256 4700 448 4774 pronuntiavit
459 4719 466 4768 ;
493 4701 558 4773 quia
571 4701 620 4774 qui
636 4701 780 4774 imperitus
803 4708 844 4758 est
869 4701 899 4757 in
912 4716 1047 4770 sermone,
1103 4700 1184 4769 disse;
1194 4715 1258 4758 cum
1269 4695 1342 4754 enim
1351 4693 1419 4752 dicit
1428 4692 1676 4766 exspoliavi,multa
1684 4687 1907 4764 acceptaetdatu

1138 4905 1196 4978 (96)
1217 4903 1280 4962 vu.
1296 4902 1362 4959 edit.
1387 4907 1414 4956 et
1427 4913 1493 4954 mss.
1509 4896 1624 4972 aliquot,
1650 4897 1739 4954 ebutio
1752 4911 1811 4951 cam
1824 4895 1909 4950 testi-

250 4906 430 4987 quadrariam
443 4906 479 4963 sit
491 4904 575 4962 ulium
588 4909 734 4976 Christum,
751 4915 800 4964 aut
817 4908 902 4964 ctiam
918 4907 1049 5032 {fiattono
1220 4976 1225 4986 ·
1377 4972 1382 4982 ι

250 4994 376 5048 recipere,
394 4984 442 5033 atat
463 4979 548 5035 client
558 4979 794 5050 praedicationem
821 4978 918 5050 quippe
948 4993 992 5033 um
1008 4979 1044 5034 od
1102 4978 1246 5043 naoniostt,
1261 4973 1424 5044 atemptatus,
1439 4977 1491 5025 etc.
1656 5038 1661 5049 ‚

1138 5049 1196 5122 (97)
1217 5048 1276 5104 Nou
1298 5059 1378 5100 sonus
1405 5040 1500 5096 dulcis
1525 5042 1559 5097 fat
1589 5039 1708 5094 amathus
1730 5043 1828 5092 aarum.
1858 5037 1914 5094 lta

253 5047 364 5105 Galatas
379 5048 450 5104 dicct
464 5067 473 5104 :
487 5049 516 5105 Si
531 5049 590 5120 paris
602 5051 685 5115 cobis,
700 5058 753 5106 etc.
1461 5111 1465 5120 Ι

288 5119 346 5190 (99)
368 5120 443 5175 ldem
471 5119 533 5176 cod.
563 5119 656 5189 (luuh,
686 5121 826 5176 anathema
863 5118 906 5174 sit.
933 5120 988 5176 Hoc
1011 5128 1048 5176 ast
1102 5117 1265 5176 mss.Corb.
1294 5117 1323 5172 in
1351 5129 1405 5186 quo
1421 5111 1556 5184 quidquid
1570 5111 1643 5168 inter
1658 5110 1717 5166 haic
1733 5107 1818 5165 verba
1833 5124 1912 5163 me-

249 5195 355 5246 cattam:
371 5191 445 5246 Recta
464 5191 631 5262 pateremini,
650 5192 674 5246 si
695 5191 772 5247 oliard
794 5189 907 5245 audistis
924 5193 994 5260 quod
1011 5195 1047 5248 cd
1101 5191 1177 5248 dium
1192 5197 1243 5256 est,
1261 5185 1398 5242 emititur.

250 5263 324 5317 nobis
340 5262 439 5316 dictum
464 5277 517 5315 noa
532 5267 588 5315 ests
603 5267 651 5316 out
673 5262 697 5317 si
722 5261 793 5318 altas
820 5261 940 5316 Christus
960 5262 1047 5332 major
1137 5260 1195 5334 (98)
1217 5259 1279 5316 Vet.
1296 5257 1363 5312 edit.
1378 5271 1441 5312 cum
1460 5270 1524 5310 mss.
1554 5267 1610 5307 non
1627 5251 1770 5325 paucis,ta
1790 5249 1914 5322 faciunt

249 5334 282 5388 ab
306 5350 334 5388 eo
359 5349 435 5403 quma
453 5348 500 5386 uos
513 5331 701 5401 parad-iromus,
729 5332 938 5387 uuuaautinretrtr
953 5335 1044 5389 vobis:
1100 5339 1242 5386 catarrum.

250 5410 297 5458 cut
308 5411 398 5475 potior
413 5403 530 5474 Spiritus
544 5403 621 5457 dutus
636 5408 693 5457 erat
706 5404 791 5457 colore
802 5405 1004 5474 pei-suasioni„
1017 5412 1046 5460 att
1137 5402 1195 5474 (99)
1216 5402 1257 5458 lta
1270 5398 1336 5456 edit.
1353 5401 1431 5456 Rom.
1448 5405 1475 5452 et
1484 5411 1549 5451 mss.
1566 5394 1713 5452 nonnulli:
1728 5400 1789 5450 vet.
1805 5399 1918 5454 aulem

247 5475 439 5545 proponeretis
453 5473 528 5530 nobis
543 5474 606 5530 tales
624 5473 820 5545 predicatores.
844 5475 931 5532 Porro
947 5483 1044 5545 cratem,
1100 5472 1167 5529 edit.
1183 5488 1246 5529 cum
1260 5471 1322 5526 aliis
1332 5486 1398 5526 mss.
1414 5467 1502 5524 multo
1520 5466 1657 5547 pluribus,
1671 5465 1742 5536 quod
1758 5479 1918 5524 ποιων-ει

251 5551 304 5600 elo·
1099 5544 1218 5611 crimine,
1233 5549 1257 5599 et
1275 5541 1391 5612 acquirit
1410 5540 1539 5594 saluum:
1568 5547 1670 5595 rectius
1685 5536 1772 5592 Laud.
1789 5535 1924 5599 sublata

287 5615 346 5686 (95)
362 5616 441 5674 Rom.
457 5616 535 5686 edit,
550 5617 597 5688 pai
606 5617 724 5690 potiores
736 5615 902 5675 videbantur.
1101 5616 1244 5688 negatione
1259 5614 1334 5684 legit,
1350 5609 1420 5682 qaod
1433 5615 1506 5665 caret
1519 5608 1638 5664 crimine.
1652 5614 1705 5664 etc.
