4074 6178
258 330 327 400 ersa

773 340 820 394 AD
842 337 958 394 druna
979 336 1006 392 S.
1022 333 1187 393 AbleOSll
1205 329 1394 390 APPENDIX.

1838 321 1911 378 libb

256 471 328 539 loco,
352 468 420 526 nudi
444 475 500 524 mm
519 471 610 522 incute
625 481 707 539 quam
721 481 845 538 corpore,
872 481 1051 538 quoscunque
1069 465 1094 525 A
1109 464 1256 536 dignitates
1273 480 1279 518 :
1295 477 1357 517 nam
1379 458 1460 515 aliter
1480 471 1537 514 non
1552 451 1741 526 suscipierisa
1766 452 1858 510 nobis.
1875 454 1912 510 Et

256 569 421 634 spectatores
435 556 564 612 novimus
578 555 716 623 veritatis,
739 563 765 610 et
781 553 922 612 docemus.
951 556 986 611 Et
1001 553 1054 612 boc

256 649 340 706 estin
356 663 409 720 quo
426 646 532 702 caeteris
546 645 709 700 hominibus
722 644 837 701 ditiores
856 661 906 700 nos
925 660 983 699 esse
998 660 1054 715 pu-

256 747 357 796 tamus.
376 734 537 792 llaeedouia
549 735 607 790 v'im
623 733 753 790 omnibus
768 733 845 799 lacit,
865 749 946 806 quam
961 739 1054 790 tamon

257 827 332 901 prius
347 824 381 882 ah
398 825 462 880 aliis
482 826 540 898 ipsa
554 825 695 881 sustinuit.
708 823 809 880 Omnes
822 831 883 878 aute
895 839 910 876 ’,ι
933 821 967 877 ad
982 821 1053 878 dete-

256 917 330 972 riora
345 915 481 983 conversi,
509 923 602 987 turpes
619 915 715 970 famuli
728 913 900 985 judicantur.
924 911 976 968 Sed
999 911 1054 968 ho-

255 1022 317 1060 rum
330 1005 455 1060 omnium
469 1005 603 1060 malorum
620 1020 681 1076 quae
693 1004 878 1070 nominamus,
890 1001 1053 1058 brachmani

256 1094 388 1150 videntur
409 1103 546 1168 expertes.
571 1096 594 1150 A
623 1094 701 1150 nullo
722 1094 795 1150 euim
817 1092 948 1148 debellari
972 1101 1054 1166 atque

244 1182 1054 1258 ⁴expugnariqueunt,quianulliusreidesideriovelamore

258 1283 396 1332 teneritur.
425 1275 465 1330 Tu
480 1291 545 1330 vero
566 1273 588 1329 si
613 1291 677 1330 vera
700 1274 743 1330 vis
768 1290 873 1346 sapere,
898 1273 932 1330 ad
947 1272 1054 1328 Indiam

258 1366 333 1432 veni,
356 1365 452 1422 habita
478 1366 507 1422 in
531 1365 728 1422 solitudinibus
752 1365 853 1434 nudus,
878 1381 1054 1436 omnesquae

259 1455 364 1528 diligis,
406 1465 433 1514 et
473 1456 573 1530 quihus
611 1458 704 1514 ornari
745 1457 858 1526 videris,
906 1455 1054 1528 projiciens

854 1585 1021 1598 ..υ-ι·-

855 1601 1020 1614 ..ιιι-ιιι,-

1107 552 1292 611 tuucamabis
1324 568 1366 619 ea,
1392 563 1562 622 quaecunque
1590 547 1674 618 paulo
1708 551 1771 600 aute
1800 545 1911 614 vidisti,

1108 662 1221 718 quaeque
1244 644 1358 700 miratus
1385 657 1432 696 cs:
1465 654 1554 710 neque
1577 638 1651 693 ullus
1681 636 1912 692 contrateulte-

1108 738 1166 792 rius
1180 733 1335 801 dimicabit,
1351 741 1398 788 aut
1413 730 1565 803 quidquam
1586 735 1697 783 tuorum
1729 726 1779 782 tibi
1803 726 1912 782 auterre

1109 826 1171 899 quis
1187 825 1306 898 poterit;
1324 837 1411 895 neque
1428 821 1516 876 aliena
1531 819 1689 886 collatione,
1724 832 1813 888 neque
1836 816 1911 872 alio-

1108 933 1168 972 rum
1186 915 1288 972 sudore
1304 910 1441 985 pasceris;
1460 911 1513 966 eris
1529 907 1602 964 euim
1631 908 1661 962 in
1675 905 1807 962 omnibns
1820 905 1908 961 dives.

1107 1007 1143 1064 Et
1172 1007 1302 1080 quoniam
1329 1004 1485 1062 desiderare
1511 1010 1539 1060 te
1567 1000 1676 1069 scribis,
1706 1007 1736 1056 ut
1765 1000 1795 1056 in
1817 999 1911 1071 aliquo

1109 1097 1160 1153 tibi
1184 1096 1307 1168 prosim:
1335 1111 1389 1150 non
1414 1091 1571 1148 invidemus
1594 1091 1651 1146 illis
1675 1091 1723 1164 qui
1745 1106 1812 1146 vere
1833 1090 1910 1162 pium

1109 1187 1367 1244 imitanturDeum.
1394 1181 1556 1240 Universum
1578 1180 1652 1238 enim
1675 1180 1827 1236 humanam
1843 1179 1911 1234 ubi-

1109 1295 1161 1352 que
1171 1285 1297 1334 naturam
1311 1276 1451 1344 volumus,
1468 1281 1601 1348 quantum
1617 1289 1664 1346 per
1675 1289 1724 1328 uos
1738 1270 1800 1328 lieri
1811 1279 1910 1344 potest,

1108 1368 1251 1426 meliorem
1267 1367 1393 1424 emderc.

1466 1454 1579 1528 (Aliquo
1594 1453 1677 1510 deesse
1691 1453 1838 1524 videnter.)

392 1672 988 1831 PHILOSOPHORUM
1035 1739 1335 1838 ALlQUOT
1384 1735 1767 1842 EPlSTOLAE,

665 1901 811 1974 Quonuu
831 1900 998 1960 nnauuun
1015 1897 1209 1958 turbamus
1228 1897 1256 1954 s,
1278 1895 1485 1966 arrunosms,

276 2027 407 2094 (lidberti
425 2027 738 2112 Cognatidoaerene'
758 2044 857 2110 opero
878 2028 915 2088 e'n
935 2026 1156 2169 atuplr‘psorunlrl.
1177 2041 1286 2166 rpeiam,
1305 2023 1382 2102 jorn
1403 2023 1483 2086 olim
1505 2041 1582 2087 cunt
1603 2021 1891 2088 attentatarum

921 2121 1239 2188 mmmmmm

522 2387 616 2444 Thalea
635 2385 787 2458 Pherecydi.

252 2527 255 2532 ·
290 2493 382 2552 Audio
398 2503 424 2551 te
439 2495 558 2568 primum
575 2496 685 2562 Ionum,
699 2491 734 2549 de
747 2491 852 2550 divinis
867 2491 959 2559 rebus,
980 2491 1052 2564 apud

254 2584 365 2641 Graecos
389 2584 478 2655 palam
506 2582 639 2638 disserere
666 2597 771 2653 parare.
805 2581 909 2638 Verum
935 2579 1053 2652 justiore

256 2678 371 2734 fortasse
394 2677 542 2746 sententia,
567 2677 639 2732 iuter
652 2677 753 2733 amicos
774 2691 805 2731 ea
822 2691 881 2749 quae
897 2675 1052 2748 scripseris,

255 2769 335 2840 leges,
359 2783 440 2842 quam
457 2767 556 2839 passim
573 2765 783 2838 quibuscunque
797 2765 950 2837 permittes,
974 2764 1054 2819 nullo

254 2857 310 2914 illis
327 2857 515 2913 emolumento
534 2856 638 2912 lutura.
664 2854 800 2928 Equidem
827 2855 849 2910 si
870 2852 920 2909 tibi
945 2861 1051 2926 gratum

253 2963 418 3021 cognovero,
442 2947 506 3002 volo
522 2946 651 3003 conscius
669 2962 764 3001 eorum
787 2961 847 3017 qua
867 2943 965 3000 scribis
982 2960 1049 2999 esse.

253 3039 294 3092 Ac
308 3035 444 3109 siquidem
456 3033 550 3107 jubes,
566 3033 600 3090 ad
616 3042 642 3090 te
656 3042 763 3089 mature
778 3032 945 3105 proficiscar.
960 3034 1052 3107 Neque

254 3127 329 3182 enim
349 3125 416 3182 adeo
431 3133 553 3180 amentes
572 3139 603 3180 ac
618 3123 713 3180 stolidi
729 3139 835 3191 sumus,
858 3140 907 3194 ego
927 3131 952 3179 et
968 3123 1050 3179 Solon

254 3215 442 3282 Atheniensis,
466 3223 498 3270 ut
525 3231 588 3270 oum
618 3211 729 3284 navigio
757 3214 864 3271 Cretam
888 3214 1051 3286 petierimus

253 3303 362 3361 visendi
377 3305 473 3378 gratia,
483 3303 688 3376 AEgyptumque
697 3303 792 3358 itidem
805 3303 1050 3375 penetraverimus

250 3401 282 3450 ut
298 3394 361 3451 istic
374 3393 561 3450 sacerdotibus
582 3401 608 3449 et
630 3393 796 3449 astronomis
811 3393 1050 3465 congrederemur,

1066 2383 1089 2443 B
1105 2381 1167 2440 dem
1183 2383 1283 2440 melius
1302 2391 1457 2454 serventur,
1473 2399 1555 2458 quam
1581 2392 1701 2458 possent,
1727 2385 1751 2442 si
1775 2387 1913 2444 multitu-

1107 2475 1182 2531 dinis
1198 2475 1316 2548 imperio
1330 2491 1374 2532 res
1392 2483 1527 2548 ageretur.
1550 2477 1683 2534 Permitto
1708 2477 1783 2534 enim
1803 2479 1912 2536 nemini

1107 2565 1238 2637 injuriam
1258 2565 1318 2621 fieri
1337 2585 1342 2623 :
1363 2582 1395 2623 ac
1409 2575 1544 2638 tyrannus
1559 2584 1608 2640 ego
1631 2575 1730 2642 praetor
1743 2568 1913 2640 dignitatem

1107 2664 1134 2713 et
1148 2657 1281 2712 honorem
1297 2656 1368 2712 nihil
1383 2673 1399 2712 a
1412 2657 1491 2728 plebe
1504 2656 1613 2725 dillcro,
1628 2658 1695 2714 solis
1708 2658 1748 2714 eis
1761 2659 1914 2730 stipendiis

1106 2753 1264 2813 contentus,
1279 2762 1339 2818 quaa
1351 2746 1385 2802 iis
1399 2763 1519 2819 quoque,
1536 2748 1583 2820 qui
1601 2755 1665 2802 ante
1683 2764 1726 2803 me
1745 2756 1914 2820 regnarunt,

1106 2835 1290 2892 debebantur.
1307 2836 1431 2908 Denique
1445 2837 1658 2894 Atheniensium
1671 2838 1775 2910 singuli
1787 2837 1917 2894 decimas

1107 2927 1218 2998 frugum
1246 2941 1358 2982 suarum
1387 2935 1523 2997 separant,
1557 2944 1613 2983 non
1643 2929 1672 2984 in
1706 2945 1772 2985 usus
1799 2937 1916 2985 nostros

1106 3015 1318 3083 consumendas,
1334 3031 1431 3071 verum
1447 3015 1592 3073 sacrificiis
1608 3017 1728 3089 publicis
1741 3019 1916 3075 commodis·

1106 3123 1159 3180 que
1173 3106 1368 3163 mmmunibus
1382 3125 1388 3163 :
1404 3115 1431 3164 et
1451 3107 1599 3180 siquando
1619 3109 1721 3165 bellum
1743 3118 1843 3166 eontra
1859 3127 1916 3166 uos

1107 3203 1253 3274 ingruerit,
1279 3203 1309 3258 in
1330 3211 1457 3274 sumptus
1475 3203 1655 3275 deputandas.
1685 3203 1747 3259 tihi
1776 3204 1914 3276 equidem

1106 3293 1177 3349 nihil
1191 3309 1350 3360 succenseo,
1367 3292 1439 3366 quod
1458 3301 1577 3349 mentem
1593 3309 1679 3348 meam
1702 3294 1916 3368 consiliumque

1106 3383 1261 3440 detexeris:
1287 3382 1387 3456 quippe
1414 3381 1463 3455 qui
1482 3381 1508 3437 id
1526 3382 1618 3454 potius
1637 3382 1798 3454 reipublice
1815 3384 1915 3440 studio

249 3483 283 3540 ed
310 3492 337 3540 te
366 3499 421 3540 non
449 3483 508 3555 pari
530 3482 623 3539 studio
647 3481 803 3555 navigaturi
830 3481 925 3539 simus.
951 3483 1052 3538 Veniet
1105 3473 1238 3542 ῦὶνίίὸῑὶὓ,
1267 3489 1350 3546 (1113ῠὶ
1379 3471 1512 3528 mei0le
1540 3472 1697 3528 detexeris:
1730 3482 1916 3544 acillaeffl'ffl

250 3569 324 3628 enim
339 3579 367 3626 et
381 3573 465 3626 Solon
481 3571 548 3643 ipso,
574 3572 597 3626 si
613 3586 729 3646 annuas.
752 3571 844 3643 Neque
858 3579 889 3627 tu
905 3572 958 3628 loci
974 3571 1051 3627 illius
1105 3563 1179 3637 quod
1194 3565 1334 3634 ignorares
1348 3561 1502 3634 cujusmodi
1519 3579 1569 3634 ego
1593 3579 1643 3618 rex
1671 3562 1784 3619 iuturus
1807 3579 1914 3620 essem

251 3677 344 3717 amore
358 3661 495 3729 detentus,
505 3675 566 3715 raro
584 3661 613 3715 in
629 3661 734 3717 Ioniam
751 3661 861 3732 transis,
873 3678 961 3733 neque
975 3677 1050 3733 pere·
1104 3651 1136 3708 ld
1155 3651 1228 3708 essim
1244 3651 1267 3706 Si
1282 3651 1439 3720 didicisses,
1457 3667 1536 3722 ae‘l110
1552 3651 1645 3706 θῐὶῑῐΰῠ
1661 3660 1687 3708 el
1700 3659 1817 3708 ⁰⁰ss²²¹1⁵
1832 3669 1915 3708 “¹0⁰³

252 3749 393 3820 grinomm
407 3749 553 3806 hominum
569 3749 707 3806 desiderio
721 3751 850 3824 tangeris,
874 3751 977 3808 vesum
1001 3754 1050 3807 um
1067 3745 1088 3806 G
1105 3742 1177 3798 lorte
1192 3741 1346 3808 tolerasses,
1360 3751 1388 3797 et
1402 3747 1429 3796 te
1441 3741 1512 3812 fugae
1523 3739 1736 3814 haudquaquam
1752 3741 1912 3798 commisis-

252 3845 372 3907 tantum‚
397 3847 529 3912 uespere),
558 3839 696 3896 scribendi
712 3841 822 3913 neg0ti0
836 3841 983 3897 incumbis,
1013 3843 1050 3898 Aa
1102 3849 1155 3887 ses.
1171 3832 1289 3886 Domum
1306 3831 1392 3902 igitur
1405 3829 1478 3885 bona
1491 3830 1546 3886 fide
1560 3830 1632 3899 redi,
1656 3829 1726 3886 mihi
1741 3837 1770 3885 et
1786 3831 1912 3903 injurato

251 3946 311 3998 nos,
330 3930 377 4003 qui
392 3929 463 3985 nihil
479 3929 636 3998 scribimus,
660 3929 804 3998 Graeoiam,
820 3930 1049 4005 Asiamqugper.
1102 3921 1227 3989 credens,
1257 3920 1327 3978 nihil
1354 3937 1411 3977 esse
1437 3921 1554 3993 periculi
1579 3939 1595 3976 a
1624 3921 1770 3977 Pisistrato
1798 3921 1910 3979 Soloni.

251 4035 388 4093 agramus.
405 4020 483 4079 Vale.

537 4119 632 4177 Thales
657 4121 758 4177 Soloni.

285 4216 403 4275 Athenis
431 4217 454 4273 si
486 4217 614 4287 excedas,
641 4218 740 4290 Mileti,
769 4227 800 4276 ut
822 4219 951 4294 equidem
975 4237 1047 4292 reor,

249 4311 473 4368 commodissime
500 4309 624 4370 babitare
648 4312 759 4386 poteris.
789 4315 839 4371 Est
860 4313 932 4370 euim
958 4325 1049 4374 vestra

248 4399 368 4466 colonia,
392 4400 559 4476 patierisque
575 4418 657 4474 grave
672 4402 753 4458 nihil.
779 4403 858 4472 Quod
879 4405 902 4461 si
927 4413 954 4462 et
976 4408 1049 4479 apud

248 4487 370 4545 Milesios
383 4492 533 4548 exsecraris
550 4493 742 4565 tyrannidem,
762 4510 840 4568 aeque
854 4495 928 4552 enim
945 4497 1048 4572 ubique

248 4585 382 4650 tyrannos
406 4579 521 4638 infestos
536 4580 630 4650 habes,
658 4591 686 4640 at
708 4600 770 4639 oum
786 4585 882 4642 amicis
902 4585 1047 4644 nobiscum

249 4668 343 4726 vivere
365 4669 418 4725 erit
429 4669 674 4746 jucundissimum.
701 4673 818 4748 Scripsit
833 4675 868 4731 ad
882 4684 908 4732 te
922 4678 994 4748 Bias,
1018 4685 1048 4734 ut

248 4757 376 4814 Prienam
392 4759 592 4832 proficiscaris:
617 4777 677 4818 eam
697 4770 728 4822 tu
745 4763 841 4820 urbem
865 4765 888 4820 si
913 4765 1048 4824 libentius

1102 4010 1182 4067 Nosti
1198 4010 1272 4066 enim
1288 4009 1426 4066 neminem
1442 4009 1524 4066 etiam
1536 4027 1571 4066 ex
1585 4010 1763 4067 inimicorum
1775 4027 1910 4080 numero,

1102 4099 1168 4154 mali
1186 4099 1328 4173 quippiam
1345 4115 1414 4155 ame
1431 4116 1600 4172 perpessum.
1617 4099 1742 4173 Denique
1757 4101 1781 4156 si
1795 4103 1914 4173 placue-

1103 4189 1140 4244 rit
1156 4196 1248 4244 nostra
1262 4187 1385 4244 amicitia
1400 4188 1466 4256 frui,
1497 4188 1568 4244 inter
1587 4189 1698 4261 primos
1722 4189 1778 4244 eris
1797 4206 1804 4244 ε
1832 4189 1914 4247 nibil

1103 4278 1177 4334 enim
1195 4279 1224 4334 in
1243 4286 1270 4334 te
1285 4277 1401 4345 fraudis,
1424 4275 1582 4349 perfidiaeve
1605 4277 1758 4350 conspicio.
1782 4278 1865 4345 Quod
1887 4281 1914 4338 si

1103 4367 1206 4440 alioqui
1223 4366 1348 4424 hahitare
1371 4365 1489 4424 Athenis
1512 4367 1645 4436 nolueris,
1663 4383 1712 4440 pro
1725 4367 1846 4426 arbitrio
1860 4377 1914 4426 tuo

1104 4457 1132 4512 id
1147 4457 1249 4514 facies:
1266 4463 1373 4514 tantum
1389 4474 1423 4514 ne
1438 4457 1525 4514 nostri
1540 4474 1633 4524 causa,
1648 4459 1737 4530 patria
1751 4461 1912 4520 excederis.

1371 4627 1451 4682 Solon
1473 4627 1633 4684 Periandro.

1139 4713 1242 4772 Scribis
1266 4714 1318 4772 tihi
1333 4715 1467 4786 plurimos
1482 4715 1609 4772 insidiari
1626 4734 1632 4782 ;
1649 4723 1677 4772 at
1693 4723 1734 4785 tu,
1763 4717 1912 4792 siquidem

1103 4821 1198 4862 omnes
1222 4821 1237 4862 e
1262 4805 1354 4861 medio
1381 4804 1488 4873 tuleris,
1521 4821 1555 4860 ne
1582 4805 1748 4879 sicquidem
1764 4808 1911 4880 proficies.

248 4847 461 4920 inhabitaveris,
475 4860 502 4908 et
518 4851 571 4926 ipsi
586 4869 618 4912 eo
634 4853 668 4910 ad
685 4861 711 4910 te
724 4853 928 4914 advolabimus.

652 4945 654 4950 .
1103 4894 1281 4954 insidiabitur
1290 4893 1364 4951 enim
1376 4893 1429 4950 tibi
1439 4893 1576 4966 quispiam
1592 4911 1626 4950 eu
1635 4894 1688 4962 his,
1702 4911 1773 4968 quos
1786 4897 1911 4956 minime

503 4960 664 5020 Pisistratus
684 4963 787 5022 Soloni.

1103 4991 1241 5055 suspectos
1252 4981 1346 5051 hahes,
1364 4982 1464 5054 partim
1479 4982 1533 5038 sibi
1553 4981 1665 5055 quidem
1680 4993 1821 5053 metuens,
1835 5003 1910 5059 par-

281 5067 377 5142 Neque
389 5067 632 5128 solusGraecorum
644 5070 825 5143 tyrannidem
836 5070 1047 5146 arripui,neque
1062 5109 1086 5168 D
1102 5074 1152 5130 tim
1169 5083 1196 5131 te
1211 5071 1424 5146 reprehendens,
1445 5073 1521 5145 quod
1539 5075 1633 5130 omnia
1646 5075 1788 5144 formides,
1808 5078 1907 5134 nibil-

248 5155 319 5214 mihi
341 5173 399 5216 rem
420 5151 541 5218 alienam
564 5162 708 5232 usurpavi,
732 5162 832 5235 quippe
850 5178 936 5234 genus
958 5179 978 5219 a·
998 5163 1044 5220 Ce-
1100 5171 1366 5238 queuoumetuas:
1387 5164 1486 5236 partim
1516 5165 1584 5221 item
1610 5165 1718 5222 civitati
1748 5167 1909 5238 gratificari

250 5263 333 5319 orope
347 5247 428 5304 duco.
443 5248 476 5305 ld
490 5248 565 5305 enim
579 5250 649 5306 mihi
665 5268 741 5308 mero
752 5250 814 5324 jure
828 5252 952 5320 vindico,
971 5253 1044 5326 quod
1099 5256 1221 5328 cupiens.
1239 5258 1318 5312 Esset
1335 5272 1398 5329 ergo
1413 5257 1550 5328 optimum
1578 5256 1717 5314 abstinere
1739 5261 1907 5332 tyrannide,

248 5337 432 5396 Athenienses
454 5341 522 5397 olim
545 5355 609 5398 cum
632 5341 660 5398 in
684 5342 865 5416 jurejurando
891 5345 1045 5402 firmassent
1099 5353 1130 5402 ut
1144 5363 1239 5403 causas
1252 5346 1343 5402 omnis
1358 5353 1447 5402 metus
1460 5345 1597 5402 evaderes.
1613 5347 1693 5413 Quod
1715 5348 1738 5404 si
1755 5349 1907 5421 tyrannidi

250 5432 353 5503 Codro,
395 5435 527 5508 illiusque
557 5437 631 5507 genti
659 5439 832 5510 praebituros,
868 5439 1044 5514 postmodum
1099 5437 1685 5509 omninoinsistendumcenses,comparas
1711 5439 1773 5508 tibi,
1791 5457 1909 5498 necesse

248 5521 577 5583 abstulerantCoeterum
592 5528 622 5584 in
637 5527 713 5597 deos,
728 5530 771 5584 vel
788 5529 817 5584 in
833 5527 1044 5586 homiuesnihil
1100 5536 1150 5595 ost,
1168 5535 1294 5584 externas
1313 5527 1386 5583 vires
1413 5537 1440 5583 et
1469 5528 1614 5600 peregrina
1637 5528 1754 5595 auxilia,
1785 5529 1909 5586 urbanis

249 5613 318 5670 alias
332 5629 423 5686 pecco.
436 5617 533 5688 Leges,
544 5632 612 5688 quas
625 5617 683 5690 ipse
698 5615 918 5675 Atheniensibus
932 5617 1044 5686 dedisti,
1100 5618 1208 5674 viribus
1225 5615 1340 5688 majora,
1354 5625 1384 5674 ut
1404 5616 1462 5690 Jam
1476 5619 1528 5676 tibi
1544 5620 1638 5675 nullus
1665 5618 1785 5679 iulestus
1809 5623 1854 5689 sit,
1875 5631 1909 5679 et

248 5704 364 5773 servari,
393 5713 475 5780 atque
488 5709 638 5768 seeundum
652 5727 698 5769 eas
713 5710 806 5767 vivere
819 5707 903 5781 jubeo
920 5717 966 5767 :et
978 5711 1046 5784 qui·
1101 5716 1131 5768 tu
1145 5708 1285 5768 neminem
1299 5717 1438 5766 extorrem
1454 5725 1527 5782 agas.
1544 5709 1621 5768 Vale.
