4094 6182
256 299 309 368 aot
672 263 675 268 ¹
770 301 819 366 an
838 308 956 366 oenus
974 307 1003 366 ε.
1023 305 1190 366 anonosn
1209 299 1399 366 mannent.
1859 301 1914 365 its

258 447 301 490 na
314 429 454 505 sapientias
467 429 544 490 huuc
556 446 667 488 sonsum
680 447 738 489 oon
748 431 855 499 rident,
870 443 959 504 neque
981 430 1053 488 litte·
1071 429 1170 494 Anii
1195 431 1257 504 quis
1284 430 1417 488 instruxit
1442 445 1505 487 eum
1534 430 1601 503 (iso.
1617 445 1664 498 xc,
1681 428 1726 501 13)
1741 428 1780 486 i»
1810 429 1913 488 Senam

258 530 358 582 ratnrae
371 523 470 582 studiis
483 522 699 597 apprehenditur
720 522 779 596 (99)
809 521 879 578 .sed
901 538 950 595 per
975 521 1058 579 iidem
1112 519 1163 575 itai
1177 528 1227 589 εει,
1243 520 1317 594 quod
1331 519 1565 593 haospiritaiiter
1582 518 1666 591 jussit
1685 517 1757 587 lieri,
1781 535 1830 592 per
1852 535 1914 594 quas

258 613 377 689 spiritaii
392 614 499 672 ratione
521 613 687 688 concipitur,
703 613 811 670 dicente
825 612 893 669 lsaia
909 612 1055 686 propheta:
1113 608 1211 665 muudi
1238 609 1372 682 sapientia
1398 611 1482 668 stulta
1513 607 1687 682 probaretur,
1710 623 1812 682 negans
1834 625 1914 683 posse

263 702 348 760 ‹itisi
363 703 548 774 credideritis,
563 719 652 777 neque
666 701 826 774 intelligetis
841 701 907 773 (lau.
927 719 976 768 vn,
990 701 1052 772 9).›
1113 696 1172 753 lieri
1202 697 1276 770 quod
1302 698 1405 756 iactum
1428 706 1480 756 est.
1497 698 1584 767 Quem
1607 711 1719 753 sensum
1746 697 1845 754 nullos
1872 706 1914 754 est

256 792 381 850 Naturali
397 793 472 850 enim
484 793 570 865 magis
585 791 654 863 lege,
670 807 751 864 quam
777 805 862 846 cursu
884 788 1017 858 siderum,
1032 797 1060 846 et
1113 787 1160 860 qui
1176 787 1347 858 cognoverit,
1362 795 1389 845 et
1404 787 1549 861 displiceat
1564 786 1617 855 illi,
1631 793 1664 843 ut
1677 786 1805 844 emendet
1817 788 1916 846 consi-

257 881 374 940 calculis
397 883 550 954 signorum,
572 897 633 953 que
652 880 681 937 in
704 879 878 936 firmamento
901 878 1057 947 denotatur,
1113 874 1182 931 lium
1210 874 1276 942 Dei;
1305 875 1371 948 qnia
1398 875 1445 950 qni
1469 877 1610 949 cognorit,
1638 874 1732 930 laudat
1760 878 1914 949 potentiam

256 970 418 1028 addiscitur.
433 969 557 1042 Denique
569 968 711 1026 credentes
725 985 780 1025 non
805 967 935 1024 humanis
955 966 1057 1036 verbis,
1112 962 1175 1032 Dei,
1197 978 1278 1036 quem
1295 963 1343 1036 qni
1364 963 1458 1020 omnia
1483 970 1564 1036 negat
1592 979 1681 1035 posse,
1701 978 1753 1020 nee
1776 965 1914 1022 mundum

255 1059 423 1118 sednatnrae
438 1075 493 1116 aues
519 1057 615 1116 vident
636 1073 798 1130 congruere,
823 1057 896 1131 quod
920 1057 1056 1124 credunt,
1113 1051 1201 1108 credit
1228 1051 1335 1109 iecisse.
1363 1052 1436 1121 Quid
1457 1051 1532 1108 enim
1556 1067 1686 1124 magnum
1713 1059 1764 1122 est,
1781 1059 1812 1108 nt
1836 1053 1916 1110 dese

256 1165 325 1222 opus
346 1147 420 1205 enim
436 1147 558 1220 agnoscit
572 1146 698 1220 opificem
715 1164 722 1202 :
742 1145 858 1220 ideoque
877 1145 1057 1218 Evangelium
1113 1139 1242 1197 credetur
1256 1155 1408 1212 generasse,
1434 1141 1482 1214 qui
1507 1156 1563 1198 non
1583 1141 1734 1214 ambigitur
1756 1149 1857 1198 cuncta
1879 1157 1916 1197 ex

256 1236 474 1294 animisnostris
493 1236 617 1308 loquitor
639 1234 784 1308 spiritalia,
801 1234 924 1292 excitans
940 1233 1001 1290 illos
1024 1233 1058 1290 ad
1113 1227 1203 1284 nibiio
1217 1228 1314 1285 fecisse
1325 1227 1451 1302 iquippe
1465 1245 1528 1286 cum
1544 1229 1619 1287 dicat
1632 1229 1780 1286 Salvator:
1808 1230 1915 1303 ‹Apud

256 1325 443 1399 cognitionem
458 1324 501 1380 sui
516 1322 663 1382 Creatoris.
950 1383 962 1408 ο
1112 1317 1200 1374 Deum
1228 1325 1319 1374 annm
1348 1317 1442 1374 omnia
1468 1317 1611 1392 possibilia
1638 1324 1704 1374 sunt
1731 1319 1838 1391 (Maru.
1852 1336 1913 1389 arx,

298 1414 500 1487 «Spiritalibus
514 1413 650 1488 spiritalia
672 1421 897 1488 comparantes·
924 1413 982 1472 lloo
1006 1420 1057 1483 est,
1112 1403 1201 1479 26l.›

257 1503 292 1561 iia
306 1503 354 1577 qui
370 1501 538 1561 mundanam
554 1503 727 1578 prudentiam
750 1503 881 1572 refutant,
905 1503 1057 1575 spiritaiem
1155 1495 1337 1553 ‘Nostutem
1357 1511 1466 1552 tensum
1480 1493 1593 1552 Domini
1607 1493 1776 1555 babemus·
1798 1498 1857 1555 iloc
1871 1498 1914 1556 di-

256 1591 405 1650 efficaciam
420 1592 537 1662 tradere,
554 1608 615 1667 qum
638 1593 771 1666 mysterio
795 1591 861 1649 fidei
887 1593 1057 1665 continetur,
1111 1585 1161 1654 ῦῐῑ,
1175 1585 1242 1658 quia
1265 1585 1408 1642 eredentes
1430 1585 1578 1660 ptrlitipet
1600 1601 1697 1644 tumus
1722 1586 1847 1660 cJ'osdem
1872 1588 1914 1645 di·

256 1679 291 1737 ad
313 1680 528 1739 illuminandum
551 1697 647 1740 sensus
671 1681 871 1740 benevolorum
893 1681 1055 1753 bominum;
1112 1673 1184 1732 vittae
1198 1675 1342 1732 tententiae
1362 1674 1415 1749 (²).

255 1766 399 1826 credentes
413 1769 487 1826 enim
502 1785 563 1843 ques
577 1768 675 1826 mundi
689 1767 825 1842 sapientia
839 1769 924 1827 stulta
934 1768 1054 1841 judicat,
1068 1807 1093 1869 B

256 1856 394 1929 spiritales
409 1866 483 1916 sont.
1422 1825 1537 1886 CAPUT
1555 1827 1603 1886 m·

298 1971 308 1994 ·
333 1948 471 2006 Animalia
496 1957 588 2007 antem
612 1949 697 2008 bomo
719 1966 775 2007 non
798 1949 915 2025 percipit
938 1966 970 2007 ea
995 1967 1056 2026 quoe
1148 1949 1240 2022 (Vera.
1257 1950 1297 2022 1.)
1319 1951 1379 2008 «iit
1393 1965 1454 2024 eqo,
1470 1951 1579 2023 iratres,
1596 1968 1653 2010 non
1672 1955 1751 2027 potui
1773 1955 1853 2013 vobis
1874 1956 1912 2014 lo-

255 2049 321 2102 sont
340 2043 462 2116 Spiritus
483 2045 558 2113 Dei;
587 2045 706 2103 stultitia
730 2045 805 2102 enim
828 2054 870 2102 est
893 2044 937 2100 iiii
963 2045 1016 2118 (1).
1039 2070 1049 2093 ι
1111 2039 1440 2113 quiqoasispiritalibns,
1454 2042 1502 2098 aed
1516 2045 1595 2117 quasi
1610 2044 1805 2104 carnalibus·
1830 2048 1912 2105 Nunc

256 2129 406 2190 Pecoribus
420 2133 495 2190 enim
509 2133 611 2191 similis
632 2140 703 2198 120
728 2148 839 2190 sensum
855 2149 935 2190 suum
951 2133 980 2190 in
995 2141 1056 2191 ter-
1111 2126 1156 2186 his
1170 2128 1303 2201 loquitur,
1317 2129 1366 2203 qni
1386 2141 1528 2205 propterea
1542 2132 1616 2207 quod
1630 2135 1725 2192 saculi
1749 2134 1841 2195 adbuc
1864 2153 1912 2194 ro

255 2245 314 2287 „m
337 2231 469 2305 ἀφήῃ),
493 2251 499 2290 :
522 2232 640 2307 ideoque
661 2248 717 2290 „0⁰
740 2232 896 2307 assequitur
918 2231 972 2288 „isi
995 2247 1055 2306 quae
1112 2216 1265 2289 luptatibus
1279 2219 1445 2289 serviebant,
1460 2224 1583 2279 carnales
1597 2231 1685 2280 erant.
1705 2224 1837 2293 Quamvis
1851 2225 1911 2298 jam

254 2319 350 2377 videt:
366 2337 418 2379 nec
431 2321 627 2397 putataliquid
640 2337 718 2396 posse
732 2321 792 2379 lieri
811 2338 894 2396 mam
917 2319 1056 2394 quomedo
1109 2304 1241 2378 baptimi
1261 2308 1553 2382 ³⁸⁸0¹¹120¹Sliili²¹¹ffl
1574 2323 1700 2369 imum
1721 2314 1910 2387 doceliminii

255 2405 317 2464 soit.
333 2406 398 2464 ldeo
413 2407 549 2483 quidquid
563 2410 644 2466 aliter
663 2409 751 2478 audit,
776 2425 858 2483 qnam
880 2408 971 2479 novit,
987 2409 1055 2464 stol·
1111 2401 1203 2451 nmen
1228 2396 1293 2469 (iilia
1319 2405 1381 2470 90⁸⁸
1409 2398 1577 2472 baptismum
1605 2402 1698 2460 statim
1725 2403 1760 2460 ad
1788 2412 1911 2462 veterem

256 2504 315 2553 tum
328 2495 454 2571 judicat;
472 2497 544 2554 nihil
561 2499 636 2555 enirn
651 2498 793 2555 existimat
815 2513 893 2571 posse
912 2495 972 2554 fieri
996 2495 1056 2554 sine
1110 2480 1255 2542 hminem
1283 2487 1395 2545 fuerim
1421 2490 1536 2559 reverti,
1562 2489 1607 2548 ⁰¹15
1635 2491 1911 2564 abrenuntissl'ffiflb

255 2585 460 2643 commistione.
490 2586 568 2644 Unde
597 2586 668 2643 ridet
698 2585 812 2644 audiens
846 2587 932 2643 Deum
965 2585 1055 2643 filium
1111 2575 1244 2633 dicuntur
1259 2578 1392 2636 carnales.
1408 2578 1528 2652 Spiritus
1539 2581 1612 2638 enim
1628 2591 1739 2639 unctus
1760 2591 1827 2640 tune
1851 2599 1912 2657 per·

254 2675 392 2747 genuisse,
407 2691 488 2749 quem
500 2676 553 2732 scit
567 2675 721 2749 simplicem
737 2683 763 2732 ει
778 2675 970 2748 incorporeum
992 2694 1000 2744 ;
1028 2683 1054 2732 et
1110 2674 1203 2723 manet
1228 2667 1258 2722 in
1283 2683 1325 2739 00,
1342 2668 1388 2726 eui
1416 2684 1445 2725 se
1472 2669 1622 2741 infuderat,
1640 2671 1664 2728 si
1693 2681 1853 2745 permaneat
1880 2674 1911 2731 in

253 2765 397 2838 virginem
425 2766 571 2839 peperisse,
596 2773 623 2823 et
652 2767 773 2824 resoluta
800 2782 916 2839 coma
944 2781 1054 2822 mesum
1110 2755 1251 2828 proposito
1265 2758 1479 2830 regenerationis
1495 2777 1501 2815 :
1518 2759 1541 2816 si
1565 2776 1620 2833 quo
1642 2761 1746 2831 minua,
1761 2761 1909 2832 abscedit;

252 2854 376 2911 revocari
404 2853 439 2910 ad
466 2854 574 2923 vilam3
599 2870 663 2912 omn
688 2854 747 2913 haec
772 2855 859 2927 magis
885 2853 920 2911 ad
944 2853 1053 2911 laudem
1110 2845 1149 2900 ita
1177 2854 1268 2903 lamen
1282 2855 1314 2904 ut
1331 2848 1354 2904 Sl
1374 2865 1402 2906 Sd
1429 2849 1621 2908 reformaverit
1649 2850 1744 2930 1191110,
1759 2852 1852 2908 rededi
1874 2853 1911 2910 ad

252 2943 302 2999 Dei
328 2941 483 3015 proficiant,
508 2952 540 3000 nt
562 2943 690 2999 credatur
713 2942 821 3013 iecisse,
853 2943 935 3016 cujus
964 2943 1055 3017 operis
1110 2932 1200 2990 illum·
1217 2934 1416 3008 Sempereuim
1430 2947 1541 3012 limitis
1556 2940 1591 2998 ad
1604 2941 1708 2998 bonnm
1723 2948 1774 3008 θεῖ,
1788 2940 1912 3014 diligens

255 3033 327 3090 ratio
342 3031 502 3104 investigari
527 3045 583 3088 uon
605 3030 693 3104 possit
719 3048 726 3087 :
751 3032 824 3088 Deus
847 3041 888 3089 est
901 3032 988 3102 enim,
1004 3035 1053 3107 qni
1109 3025 1310 3096 POEssilessliaffl·

250 3120 325 3178 iecit.
354 3119 533 3178 imbecillitas
564 3119 639 3178 onim
667 3119 788 3177 bumana
819 3121 936 3178 stultum
966 3129 1053 3194 putat,
1152 3115 1261 3184 *Quasi
1275 3117 1398 3190 pallulis
1413 3119 1442 3175 iu
1467 3118 1577 3178 Christo
1592 3121 1635 3179 lto
1648 3121 1726 3180 tobia
1751 3128 1849 3196 potum
1863 3121 1911 3180 de·

249 3209 324 3284 quud
348 3209 464 3266 scientia
476 3227 525 3267 soa
539 3224 595 3265 non
609 3209 750 3267 concludit
769 3227 777 3278 ;
804 3226 867 3267 cum
891 3209 944 3268 boc
967 3212 1054 3284 magis
1108 3205 1147 3276 di,
1163 3224 1219 3264 uon
1234 3225 1334 3267 escam.
1351 3233 1361 3258 ι
1379 3210 1512 3279 Quamvis
1526 3213 1614 3270 renati
1628 3222 1719 3271 essent
1733 3213 1763 3271 iu
1782 3212 1906 3284 Christo,

249 3298 366 3356 stultum
379 3297 491 3357 deberet
505 3298 616 3368 habere,
627 3305 654 3354 et
669 3298 739 3354 illud
754 3298 885 3370 prudeus,
896 3299 969 3373 quod
985 3299 1051 3374 quia
1106 3303 1198 3353 tamen
1213 3313 1269 3354 non
1284 3297 1339 3355 luit
1364 3298 1479 3372 dignum
1503 3299 1574 3358 tradi
1598 3302 1768 3376 spiritualia;
1797 3309 1910 3374 accepta

247 3387 297 3445 Dei
315 3389 418 3447 iactum
432 3389 546 3460 dicitur,
562 3405 617 3446 uon
632 3389 944 3464 potestcompreheodi.
1106 3386 1180 3443 enim
1198 3387 1262 3457 lide,
1278 3404 1339 3460 qna
1364 3399 1404 3446 est
1428 3392 1505 3447 velut
1530 3407 1624 3448 semen
1649 3391 1784 3465 spiritale,
1798 3390 1909 3448 nulium

291 3478 359 3536 «Et
384 3495 440 3536 nou
467 3487 556 3553 potest
580 3477 795 3553 sciro,quoniam
821 3477 983 3552 spiritaliter
1006 3477 1050 3551 ju·
1105 3476 1226 3534 fructum
1256 3479 1314 3534 iteo
1346 3476 1461 3551 dignum
1498 3481 1633 3550 lecerunt,
1663 3489 1693 3537 ut
1730 3479 1909 3554 perfeetionis

248 3563 397 3623 dicatur.»
423 3567 577 3624 Humanam
593 3565 772 3623 traditionem
803 3574 959 3640 sequentes,
983 3567 1050 3624 dum
1105 3565 1188 3623 verba
1216 3575 1389 3625 mererentur
1416 3568 1557 3627 addiscere
1587 3587 1593 3626 :
1622 3569 1670 3628 sed
1695 3570 1774 3645 quasi
1797 3570 1907 3644 parvuli

247 3653 331 3709 unius
344 3653 395 3710 Dei
410 3652 493 3711 fidem
508 3655 656 3728 abnegant,
670 3654 853 3728 spiritualiter
875 3655 977 3712 iactum
997 3661 1049 3724 est,
1104 3655 1322 3730 imperfectionis
1347 3657 1473 3715 sensibus
1498 3657 1656 3716 studebant.
1686 3660 1837 3734 Apostolus
1856 3676 1905 3718 au·

247 3741 321 3814 quod
335 3741 443 3798 ratione
456 3743 548 3800 caruis
561 3742 650 3801 iniisti
668 3751 766 3817 putant
779 3743 840 3801 fieri
864 3761 920 3803 non
941 3760 1043 3818 posse:
1103 3751 1159 3802 tem
1178 3745 1224 3802 vir
1245 3744 1369 3816 divinos,
1389 3753 1417 3803 ει
1438 3745 1565 3804 medicus
1586 3746 1731 3821 spiritalis,
1754 3749 1907 3824 unicnique

248 3839 276 3889 et
302 3830 342 3890 sic
366 3831 477 3906 reprobi
505 3834 640 3903 annotati,
678 3833 842 3908 spiritaliter
872 3835 1048 3893 condemnati
1103 3835 1255 3894 secundnm
1279 3835 1354 3894 vires
1382 3852 1445 3894 suas
1473 3834 1614 3906 tradebat,
1639 3854 1674 3894 ne
1700 3853 1749 3911 per
1777 3839 1907 3913 imperie-

246 3928 321 3978 sunt.
1103 3925 1223 3984 ctionem
1245 3935 1273 3984 et
1287 3925 1456 4000 imperitiam
1483 3926 1545 4000 quis
1572 3925 1708 3985 derebus
1729 3928 1907 4001 spiritalibus

284 4019 451 4096 (versili.)
474 4017 636 4096 ‹Spiritalis
659 4035 727 4077 vero
746 4019 882 4093 dijudicat
903 4021 1008 4090 omnia,
1022 4027 1049 4077 et
1102 4015 1263 4072 scandalum
1278 4023 1428 4090 pateretur.

246 4109 304 4186 ipse
318 4127 334 4168 a
346 4111 457 4170 nemine
468 4109 622 4184 judicator.
638 4133 648 4160 ι
671 4109 808 4179 Quoniam
822 4126 888 4167 vera
901 4110 972 4168 ratio
987 4110 1049 4182 spi·
1139 4107 1231 4179 (Vera.
1247 4105 1289 4181 1)
1311 4133 1321 4156 ‹
1336 4106 1465 4167 Nondum
1479 4107 1554 4165 enirn
1576 4109 1717 4182 poteratis.
1739 4134 1749 4158 ι
1776 4107 1907 4166 Ostendit

246 4199 388 4258 ritualium
410 4210 461 4272 est,
485 4200 515 4259 id
538 4208 591 4272 εει,
611 4199 779 4260 credendum
797 4217 805 4268 ;
822 4198 876 4255 boc
894 4198 968 4255 enim
985 4198 1048 4271 quis
1102 4201 1194 4266 aperte
1209 4211 1265 4252 uon
1287 4193 1351 4252 ilios
1370 4194 1499 4254 debuisse
1524 4195 1710 4272 audireque
1734 4194 1907 4254 confirmatis

247 4297 435 4361 nuncupatur,
451 4289 526 4365 quod
540 4289 651 4349 credit:
669 4289 733 4347 ideo
743 4287 796 4362 ipsi
806 4287 900 4345 omnia
909 4285 1045 4361 judicant.
1100 4283 1218 4342 dicenda
1232 4293 1307 4343 sunt.

247 4375 373 4448 ipsorum
399 4377 473 4434 enim
497 4379 624 4452 exemplo
646 4378 798 4436 infidelitas
823 4375 1044 4450 dijudicabitur:
1143 4396 1152 4420 ι
1172 4373 1224 4432 Sed
1239 4389 1328 4448 neque
1342 4389 1417 4433 nunc
1445 4374 1581 4448 potestis;
1609 4375 1700 4433 adbuc
1713 4373 1786 4432 enim
1802 4391 1906 4434 carna-

246 4463 299 4538 ipei
314 4473 405 4522 autem
419 4482 435 4522 a
449 4467 560 4524 nemine
566 4465 778 4539 judicabuntur.
794 4467 863 4537 Quis
877 4465 950 4522 enim
974 4481 1047 4524 con-
1100 4462 1139 4520 les
1153 4463 1228 4520 estis.
1243 4488 1253 4512 ι
1274 4463 1326 4521 liic
1351 4463 1432 4522 valde
1457 4463 1549 4537 arguit
1571 4465 1753 4522 temeritatem
1776 4463 1904 4536 illorum,

247 4555 359 4615 damnet
372 4571 437 4613 vera
452 4555 614 4613 dicentem?
635 4556 704 4614 Cum
728 4557 802 4613 enim
827 4564 934 4615 constet
952 4573 1048 4614 omnes
1062 4537 1087 4598 Ῑ)
1102 4551 1150 4625 qui
1166 4551 1352 4626 querebantur
1365 4552 1469 4610 dudum
1487 4570 1516 4610 se
1540 4569 1597 4610 non
1620 4553 1729 4611 audisse
1752 4553 1903 4627 spiritalia,

248 4645 377 4704 inimicos
390 4645 452 4705 fidei
469 4645 537 4704 laisa
552 4653 644 4703 tenere
659 4661 708 4719 pro
725 4646 809 4715 veris,
824 4648 962 4705 accusatio
986 4647 1046 4703 ilio·
1101 4658 1164 4700 cum
1178 4643 1270 4701 adhue
1300 4642 1408 4717 indigni
1435 4651 1526 4701 esaeru
1553 4643 1659 4702 audire.
1677 4643 1904 4717 Pseudoapostoli

248 4751 310 4792 rum
324 4735 354 4792 in
370 4733 548 4809 irritumjam
563 4734 683 4794 deducta
704 4741 756 4804 est,
773 4737 831 4793 reri
851 4735 960 4810 judicio
982 4753 1045 4794 con·
1100 4733 1173 4790 enim
1203 4733 1359 4806 promiscue
1386 4735 1515 4792 omnibus
1540 4751 1596 4793 uno
1624 4743 1706 4810 atque
1734 4732 1832 4792 eodem
1859 4751 1904 4809 qe·

248 4823 377 4882 damnata
391 4843 399 4893 ;
415 4824 481 4898 quia
496 4823 544 4899 qui
557 4841 614 4882 non
623 4823 784 4896 crediderit,
794 4825 1044 4900 inquitDominus‚
1101 4837 1165 4878 nera
1177 4823 1331 4893 tradebant,
1355 4824 1461 4882 nullius
1479 4840 1623 4897 personam
1638 4823 1841 4890 discernentem
1872 4833 1903 4882 ot

247 4911 304 4984 jam
316 4912 457 4985 judicatus
470 4921 512 4970 est
528 4913 618 4987 (ioca.
630 4929 672 4984 ιιι,
688 4916 745 4988 18).
1100 4911 1281 4984 acceptabiles
1307 4911 1405 4971 fierent
1431 4930 1479 4987 per
1502 4913 1663 4988 hypocrisin
1678 4912 1866 4971 commendati
1888 4932 1898 4968 .·

287 5001 379 5076 (Vere.
397 5000 455 5076 16.)
476 5002 568 5072 ιουίε
581 5003 657 5060 enim
669 5003 799 5078 cognorit
819 5019 929 5060 sensnm
953 5003 1045 5060 Domi·
1100 5015 1163 5058 cnm
1178 5009 1285 5058 constet
1296 5002 1446 5059 Dominum
1460 5010 1488 5059 ει
1509 5012 1649 5061 auctorem
1674 5011 1799 5060 nostrum
1822 4999 1902 5058 Chri·

286 5234 524 5310 (aulaumaiu.
542 5251 605 5294 curn
629 5252 694 5294 mss.
719 5251 776 5292 uno
796 5235 839 5294 vel
860 5237 946 5293 altero
965 5237 1047 5296 :Nou
1100 5237 1176 5292 bomo
1199 5241 1330 5307 querunt
1345 5236 1463 5308 Spiritus
1489 5238 1549 5307 Dei,
1569 5237 1660 5306 nescit,
1674 5243 1700 5292 et
1721 5235 1838 5292 stultitia
1863 5243 1902 5292 εει

249 5307 279 5366 iu
288 5308 410 5366 suumne
421 5308 543 5364 bumana
556 5307 701 5380 sapientire,
715 5308 760 5365 sed
780 5307 808 5362 ia
830 5309 975 5365 oabusioue
987 5310 1046 5435 spi·
1100 5307 1162 5373 illi;
1174 5316 1229 5364 vet.
1240 5307 1307 5364 edit.
1323 5323 1355 5364 ac
1369 5308 1468 5381 reliqui
1483 5325 1548 5366 mss.
1562 5309 1643 5366 nobis
1653 5323 1706 5364 ,um
1722 5306 1840 5365 iaciunt.

249 5381 354 5438 ritus...
372 5396 455 5452 neque
470 5381 621 5436 litterariam
634 5379 730 5436 studiis
744 5379 961 5452 apprehenditur.
976 5380 1047 5438 Aias
1137 5379 1178 5446 (1)
1194 5381 1235 5435 lta
1249 5395 1312 5435 rrrss.
1330 5381 1422 5451 plures
1437 5382 1646 5454 potioresque,a
1660 5379 1761 5453 quibus
1771 5378 1825 5435 boc
1838 5379 1902 5436 solo

250 5450 318 5511 edit.
334 5461 362 5510 et
376 5469 440 5510 mss.
467 5451 539 5508 inter
561 5467 590 5508 se
608 5450 795 5520 consentiunt,
819 5451 872 5508 nisi
901 5451 973 5525 quod
996 5468 1046 5526 pro
1099 5450 1233 5508 dillerunt
1246 5460 1302 5508 vet.
1317 5450 1383 5507 edit.
1399 5452 1472 5534 quod
1483 5451 1594 5519 habent,
1610 5453 1639 5508 id
1651 5457 1700 5517 ert,
1711 5450 1902 5507 divinatricu-

251 5522 409 5581 litieruturu
420 5524 526 5592 stadiis,
543 5539 609 5580 mss.
625 5523 729 5596 aliquot
743 5539 775 5579 ac
787 5530 843 5580 ret.
858 5521 925 5581 edit.
941 5524 1044 5597 legunt,
1099 5524 1156 5590 tica
1172 5522 1358 5580 Rementem
1372 5523 1439 5580 edit.
1455 5523 1607 5597 etquidem
1624 5539 1700 5591 mss„
1712 5521 1777 5594 quia
1785 5523 1835 5594 qui
1843 5539 1902 5579 cra·

250 5593 403 5653 iitteroturc
419 5595 525 5663 studiis,
540 5594 611 5652 lorte
626 5595 714 5652 littero
726 5611 757 5652 oc
767 5594 871 5650 studiis,
1099 5595 1186 5651 άεηιει
1199 5611 1300 5661 mutus,
1310 5593 1434 5665 ηἰιεάεει,
1450 5595 1480 5650 id
1493 5601 1539 5664 ert,
1555 5594 1652 5652 divium
1665 5595 1779 5651 scientio
1793 5610 1902 5651 uarum

286 5665 327 5735 (1)
342 5665 422 5724 Rom.
436 5668 504 5726 edit.
520 5674 547 5725 ει
561 5683 626 5726 mss.
649 5665 789 5736 nonnulli,
813 5666 948 5724 Animalia
976 5666 1044 5723 euim
1098 5666 1230 5724 inbuant.
