4078 6186
249 356 302 417 bil
543 349 547 354 ’
763 353 812 410 ΑΙ)
832 351 951 411 OPERA
969 347 998 409 S.
1019 348 1187 445 nuohosn
1206 345 1396 409 APPENlllX.
1853 351 1913 412 5l2

253 481 478 559 impertiendum,
493 491 520 541 ιι
538 481 657 542 ιιιιιιιι
668 479 928 549 communicatores,
941 479 1049 538 thesau-
1063 483 1089 545 Α
1103 479 1261 554 exemplum
1276 479 1408 540 habemus
1417 480 1448 539 ιι
1462 479 1584 549 Christo,
1603 487 1630 538 ιι
1644 496 1661 539 a
1673 479 1771 538 multra
1792 495 1850 538 nou
1864 482 1914 542 sio

253 573 340 632 riaaro
357 571 412 631 sibi
429 572 641 632 fundamentum
664 571 770 629 bonum
794 569 824 627 in
856 569 993 640 laturum,
1022 577 1054 628 ut
1107 567 1234 642 diligitur
1263 567 1401 640 Christus,
1419 570 1493 628 sicut
1514 569 1634 635 divitia,
1658 585 1776 642 quarum
1795 571 1914 630 nullum

253 659 460 735 apprehendant
480 677 574 718 veram
593 661 722 718 vitam·
750 660 821 718 Vera
844 657 902 715 uita
926 658 976 716 illa
1000 666 1052 727 est,
1107 659 1266 731 exemplum
1278 658 1399 728 videtur,
1410 659 1483 733 quod
1497 658 1740 733 aliquemamorta
1751 658 1913 718 liberarint.

252 767 334 825 quam
349 765 490 824 speramus
513 752 647 820 iniurato,
673 766 735 824 quaa
759 766 816 807 uon
832 766 942 820 οιιιιι,
962 763 1053 822 neque
1108 745 1297 805 Christusnoa
1311 746 1636 816 redomit,noudinitim;
1655 747 1797 819 ipseenim
1808 749 1916 807 tuturos

253 838 424 914 temporibus
444 839 627 907 terminatur;
652 845 755 896 stoma
773 846 815 896 est
833 838 920 908 enim,
943 847 971 896 st
990 837 1053 899 ideo
1109 832 1271 892 vitaiustar
1285 835 1417 904 ostendit,
1432 843 1464 892 ut
1482 835 1527 893 his
1541 835 1672 894 omnibus
1685 836 1796 909 spretis,
1816 837 1915 910 ipsum

253 929 353 987 morito
367 944 434 986 vera
448 927 620 1002 appellatur:
647 927 708 986 hec
729 928 803 986 enim
825 943 943 1000 praeseus
963 927 1054 1002 imago
1109 940 1267 999 sequamur,
1291 934 1323 984 nt
1345 925 1380 982 ad
1403 926 1575 983 immortales
1598 932 1626 984 et
1651 927 1777 985 ιιιιιιιιι
1796 927 1916 986 divitias

253 1019 317 1076 vitus
331 1026 382 1088 est,
398 1017 576 1077 conteritas.
588 1017 698 1092 Etonia
712 1017 1054 1090 imagononomuinoina·
1109 1014 1267 1075 veniamus.
1275 1014 1365 1084 Quare
1379 1014 1432 1074 hoo
1445 1014 1514 1072 eniti
1529 1015 1671 1084 debemus,
1688 1024 1721 1073 ut
1734 1015 1816 1073 bouis
1829 1017 1916 1076 laetis

253 1107 326 1163 nitas
339 1115 390 1176 est,
408 1105 439 1164 ιι
453 1106 505 1165 ιιι
520 1107 578 1164 vita
593 1106 640 1163 illa
654 1104 826 1179 acquiritur:
843 1115 870 1164 ιι
883 1117 914 1164 ιι
928 1107 963 1164 ad
976 1105 1054 1164 illam
1109 1103 1212 1162 divites
1225 1103 1324 1172 simus,
1343 1111 1371 1160 ιι
1380 1103 1425 1161 ιιι
1438 1103 1556 1162 terrenis
1569 1103 1657 1176 copiis
1675 1105 1815 1177 spiritales
1827 1104 1915 1163 divi-

253 1195 441 1264 tostinaretur,
457 1212 493 1254 ex
501 1195 620 1268 imagine
634 1211 717 1269 quam
732 1195 871 1268 praecellat
884 1195 997 1265 veritas,
1008 1196 1054 1252 atl-
1108 1193 1161 1252 tias
1176 1193 1369 1268 aequiramus:
1393 1192 1562 1251 seminemus
1583 1193 1612 1249 in
1627 1201 1712 1262 terra,
1727 1201 1759 1250 ut
1774 1201 1915 1254 ιιιιιιιιιι

253 1284 380 1356 discitur,
395 1301 456 1360 ιιι
469 1303 558 1360 noque
572 1285 710 1358 superbia,
726 1301 814 1359 nequo
828 1301 876 1359 apo
891 1284 1054 1344 divitiarum
1109 1286 1139 1342 in
1152 1285 1240 1355 omlis,
1259 1284 1308 1344 ubi
1322 1285 1469 1342 thesaurus
1483 1284 1635 1342 collocatur
1648 1291 1777 1342 aeternus.

254 1374 411 1447 attingitur,
424 1373 472 1430 aad
487 1373 655 1443 humilitate,
671 1383 698 1432 ιι
707 1389 754 1448 spo
767 1374 828 1444 Dei,
843 1374 891 1448 qui
903 1373 974 1432 hanc
989 1391 1053 1448 pro·
1145 1375 1236 1447 (Vera.
1261 1374 1306 1444 20,
1335 1374 1393 1447 st.)
1415 1395 1425 1420 ι
1445 1372 1600 1440 Timotheo,
1620 1373 1842 1432 commendatum
1860 1393 1915 1433 cu-

254 1462 340 1520 misit.
355 1463 386 1520 ln
401 1462 545 1535 ipsoenitn
557 1462 785 1538 sperandumest,
799 1462 932 1536 quiaipse
945 1471 1055 1536 prestat
1108 1462 1191 1532 studi,
1215 1462 1342 1520 devitans
1367 1462 1495 1536 profanas
1517 1477 1617 1520 vocum
1640 1463 1789 1533 novitates,
1810 1474 1838 1522 et
1854 1483 1916 1538 op-

254 1549 422 1626 qnaeusibus
436 1562 503 1611 sunt
517 1552 679 1620 necessaria,
693 1567 750 1609 non
764 1551 794 1608 in
808 1551 875 1625 ipsis
889 1551 986 1625 copiis,
1006 1551 1054 1612 sed
1110 1553 1261 1626 positiones
1276 1551 1383 1611 fallacis
1402 1552 1526 1610 nominis
1545 1552 1678 1623 scientiae,
1693 1570 1778 1627 quam
1796 1554 1914 1629 quidam
2032 1567 2034 1572 ’

255 1640 283 1697 ιι
291 1646 517 1698 unctoreearum.
526 1639 674 1709 Quaenim
683 1657 744 1714 spes
754 1637 865 1697 videtur
875 1640 905 1697 in
914 1639 1055 1698 reosduon
1109 1642 1313 1716 promittentes,
1324 1642 1487 1700 cirealrdom
1499 1640 1672 1700 exciderunt.
1684 1642 1778 1702 Gratia
1787 1652 1906 1702 tecum.»

254 1733 336 1802 nque
347 1729 578 1804 incertalquippe
587 1746 650 1787 cum
660 1728 798 1802 aliquanti
805 1728 1052 1798 exbisdiscedant;
1110 1731 1214 1788 Eadem
1240 1730 1380 1801 admonet,
1396 1740 1428 1788 ιι
1441 1747 1473 1790 ιι
1487 1748 1548 1805 qua
1567 1747 1650 1804 supra
1664 1731 1824 1801 dictasunt,
1838 1749 1913 1789 scr-

254 1817 302 1890 qui
316 1816 446 1874 antemio
457 1815 501 1874 bis
513 1815 770 1887 maneretidentur,
782 1816 1008 1876 nullumluorum
1019 1835 1055 1875 ex
1070 1853 1094 1914 B
1109 1829 1227 1889 ventum
1255 1819 1393 1876 contraria
1414 1828 1507 1878 autem
1529 1818 1658 1893 religioni
1681 1819 1816 1889 evitanda,
1839 1837 1910 1894 quae

254 1904 299 1962 his
313 1905 427 1978 capiunt
442 1905 471 1960 iu
485 1904 623 1976 futurum,
637 1905 685 1962 sod
699 1903 842 1975 damnum,
858 1905 912 1964 nisi
927 1923 990 1964 eum
1006 1907 1055 1965 in·
1109 1924 1209 1966 nomen
1225 1915 1334 1966 tantum
1357 1907 1480 1966 scientim
1496 1916 1642 1983 usurpant,
1669 1908 1779 1966 fallaces
1800 1909 1830 1965 iu
1843 1925 1915 1982 pro·

254 1994 412 2069 digentibua
423 1994 597 2068 partiantur;
614 2011 703 2069 noque
723 1995 798 2052 enim
811 2003 919 2052 aeterna
935 2005 1011 2067 aunt,
1024 2006 1055 2055 ut
1108 1998 1237 2067 fossione,
1252 2006 1283 2056 ut
1302 1996 1441 2073 decipiant
1454 1997 1613 2071 simplices,
1628 1997 1710 2055 lidum
1720 1997 1795 2054 snitu
1813 1998 1916 2056 simu-

254 2085 355 2142 luturs
381 2083 447 2140 uita
475 2092 680 2158 praeponantur.
706 2083 752 2142 Sie
776 2083 909 2157 superbos
936 2084 1052 2156 iaciunt,
1108 2087 1176 2158 lant,
1193 2104 1276 2163 aqua
1297 2088 1471 2158 exciderunt,
1496 2094 1528 2145 ut
1550 2087 1693 2161 perlidiaru
1717 2087 1848 2145 interant.
1870 2090 1913 2146 Et

255 2173 332 2246 quasi
357 2172 592 2234 immortalitatem
618 2173 811 2246 polliceantur.
835 2173 1056 2234 Resurrectionis
1109 2194 1193 2235 manu
1209 2178 1318 2252 propria
1331 2178 1505 2254 subscripsit,
1519 2177 1634 2238 dicens:
1658 2167 1907 2238 ‹Gratiateoum.·

285 2404 347 2564 ¹in
389 2477 708 2567 urrsronnu
750 2481 801 2567 a.
849 2479 1011 2567 unum
1051 2479 1126 2566 nu
1166 2478 1505 2567 muonuuun
1548 2478 1865 2568 suoununn.

555 2788 749 2848 PROLOGUS.
1107 2804 1123 2844 a
1141 2789 1252 2862 proavia
1266 2787 1295 2845 in
1312 2788 1481 2849 conscientia
1494 2807 1573 2865 pura,
1597 2791 1672 2865 quod
1695 2790 1907 2850 indeficientem

298 2887 389 2946 Aliam
404 2887 548 2962 epistolam
564 2885 661 2946 suffit
683 2884 920 2956 adTimotbenrn,
944 2893 975 2943 ut
994 2883 1052 2958 jorn
1107 2875 1223 2936 habeam
1238 2878 1278 2936 tui
1294 2880 1456 2938 memoriam
1471 2879 1501 2938 in
1520 2880 1648 2954 precibus
1661 2881 1740 2952 meis,
1754 2889 1833 2938 nocte
1849 2882 1913 2940 die·

259 2976 399 3036 eruditum
418 2975 604 3033 ecclesiastica
628 2973 785 3046 disciplina,
806 2982 833 3031 at
855 2989 916 3048 qna
938 2989 999 3047 spes
1017 2973 1053 3032 sit
1107 2982 1160 3037 que
1188 2969 1307 3026 multum
1329 2968 1488 3026 desiderans
1506 2979 1533 3028 ιι
1557 2969 1662 3039 videre,
1686 2986 1793 3027 memor
1815 2971 1910 3044 lacry-

130 3069 135 3082 '
257 3063 460 3142 promissionis,
483 3079 534 3120 sno
563 3063 691 3136 exemplo
712 3061 747 3118 ad
762 3063 929 3136 martyrium
948 3078 1054 3136 provo·
1108 3071 1214 3115 marum
1236 3069 1362 3118 tnarum:
1388 3067 1419 3116 nt
1437 3076 1487 3133 ego
1508 3059 1607 3132 gaudio
1635 3060 1750 3133 replear,
1781 3060 1912 3118 recorda·

256 3163 300 3216 cot
315 3151 394 3227 lotii:
419 3152 531 3228 etquis
554 3151 681 3208 futurum
707 3159 747 3209 est
766 3159 798 3208 nt
811 3149 923 3224 quidam
949 3168 965 3207 a
987 3165 1054 3208 sana
1067 3135 1093 3200 C
1107 3144 1209 3204 tionem
1230 3149 1367 3223 accipiens
1385 3147 1518 3223 ejusque
1533 3157 1574 3207 est
1592 3149 1623 3206 in
1646 3157 1673 3206 te
1694 3149 1808 3208 sincerae
1827 3148 1911 3220 tidei,

257 3247 397 3316 Doctrina,
418 3263 451 3303 eo
470 3243 543 3320 quod
562 3243 632 3301 dura
652 3241 709 3301 illis
731 3243 868 3312 videatur,
890 3241 925 3299 ad
947 3242 1054 3300 fabulas
1109 3261 1170 3317 quae
1185 3245 1324 3305 habitavit
1347 3248 1468 3322 primum
1492 3244 1566 3304 305
1581 3247 1608 3304 in
1624 3247 1686 3304 avia
1702 3257 1750 3304 tua
1769 3247 1864 3316 loide,
1880 3259 1911 3307 et

255 3345 464 3406 convertantur,
479 3335 509 3394 id
527 3344 578 3406 eat,
595 3335 629 3394 ad
649 3335 770 3392 humana
784 3340 949 3393 commenta.
1111 3345 1198 3394 matre
1213 3347 1260 3394 tua
1278 3339 1403 3398 Eunicc:
1419 3344 1526 3396 certum
1541 3346 1633 3394 autem
1646 3335 1734 3394 habeo
1749 3336 1823 3412 quod
1836 3346 1863 3394 et
1877 3337 1910 3394 in

1110 3433 1145 3485 ιι.
1170 3451 1180 3476 ι
1216 3425 1350 3496 Quoniam
1373 3427 1486 3503 dignum
1513 3433 1554 3485 est
1573 3427 1730 3484 meminisse
1751 3425 1907 3495 bonorum,

512 3487 627 3548 CAPUT
646 3487 792 3546 PRIMUM·
998 3505 1000 3510 ’
1110 3517 1215 3576 ideirco
1239 3517 1296 3573 ooo
1317 3516 1418 3586 gratias
1441 3516 1508 3591 agit,
1530 3515 1595 3591 quia
1616 3532 1722 3573 memor
1736 3515 1912 3573 erati'inm-

297 3618 389 3693 (Vera.
408 3616 433 3685 l,
449 3617 490 3690 2.)
507 3641 517 3665 ‹
532 3616 634 3672 Paulus
648 3612 789 3688 apostolus
802 3613 867 3670 lesu
887 3610 991 3670 Christi
1005 3626 1055 3684 per
1109 3605 1167 3665 thei
1184 3605 1237 3662 viri
1253 3603 1400 3674 mirabilis,
1416 3613 1447 3663 ιι
1463 3605 1547 3663 etiam
1562 3605 1616 3663 boc
1632 3605 1722 3679 ipsum
1738 3605 1787 3663 liei
1801 3603 1908 3664 donum

257 3709 429 3767 uoluntatem
443 3705 493 3764 Dei
507 3703 658 3763 secundom
670 3701 883 3776 promissionem
897 3702 972 3772 vitm,
993 3717 1054 3776 quaa
1110 3697 1162 3764 sit;
1179 3711 1234 3753 non
1249 3695 1324 3751 enim
1342 3694 1402 3752 sine
1417 3695 1515 3752 merito
1529 3700 1581 3764 est,
1602 3694 1649 3768 qui
1664 3694 1767 3766 sopitat
1780 3693 1910 3751 debonis

257 3807 298 3856 est
311 3795 342 3853 iu
356 3791 468 3854 Christo
479 3794 555 3862 lesu,
570 3792 715 3850 l’imotheo
733 3791 835 3851 dilecto
849 3790 944 3849 filio.»
966 3789 1053 3865 llujns
1110 3785 1189 3844 viris.
1217 3785 1253 3842 Et
1276 3786 1341 3860 qnia
1369 3785 1442 3842 idem
1462 3785 1536 3842 Dens
1550 3784 1772 3843 Christianorum
1789 3793 1841 3850 est,
1858 3786 1910 3860 qui

255 3886 296 3944 rei
310 3881 558 3960 pretiaapoatolum
574 3897 602 3940 ιι
616 3880 721 3940 Christi
743 3881 817 3948 lesu,
841 3880 891 3939 Dei
911 3880 1054 3938 voluntate
1109 3883 1168 3932 erat
1191 3874 1363 3944 iudeorum,
1386 3873 1412 3932 ei
1426 3891 1455 3931 se
1468 3876 1526 3931 Deo
1541 3873 1641 3948 gratias
1663 3874 1765 3932 reterre
1779 3881 1908 3942 testatur,

255 3976 422 4054 appellatum
438 3973 584 4048 signilioat,
606 3981 638 4032 ut
656 3971 717 4049 'rpus
737 3981 765 4030 ιι
786 3981 889 4045 quanta
908 3969 1055 4045 promissio
1109 3964 1155 4022 cui
1180 3981 1196 4020 a
1225 3964 1335 4037 proavis
1357 3963 1507 4021 famulatus
1534 3970 1584 4020 ιιι.
1611 3961 1727 4030 Quando
1753 3962 1824 4019 enim
1850 3961 1912 4020 hoc

255 4073 286 4132 ιι
300 4071 397 4131 loturo
411 4071 441 4129 in
461 4070 514 4130 ιιι
530 4069 634 4130 Christi
648 4069 695 4136 sit,
710 4068 854 4128 edoceret:
871 4074 902 4124 ut
917 4065 1054 4140 praedieu·
1109 4056 1255 4129 sperabant
1265 4056 1454 4132 progenitores
1467 4054 1536 4128 ejus,
1552 4053 1626 4129 qnod
1641 4053 1688 4113 hio
1701 4060 1816 4126 coeperat
1829 4069 1911 4126 pras-

253 4161 330 4222 tiouo
344 4159 405 4236 ejus
420 4158 480 4233 (or)
495 4159 698 4219 incrementum
713 4156 797 4216 iaciat
811 4157 840 4215 in
851 4155 991 4214 mirandis
1005 4154 1054 4213 di·
1109 4145 1212 4236 dicare,
1227 4161 1282 4203 ona
1295 4162 1391 4202 eorum
1411 4145 1480 4203 tides
1494 4154 1544 4203 ast.
1568 4145 1605 4203 Ει
1628 4143 1694 4220 quia
1717 4147 1746 4202 ιι
1761 4151 1909 4218 parantum

254 4251 369 4323 aeipliot
382 4249 539 4308 Dominiea.
555 4247 650 4307 ldonei
664 4247 741 4306 anim
755 4244 828 4304 servi
849 4253 925 4315 suut,
940 4245 988 4319 qui
1005 4245 1054 4302 in·
1109 4237 1243 4295 suecessit
1266 4235 1390 4306 servitia,
1410 4243 1438 4293 et
1457 4237 1522 4310 quia
1536 4237 1566 4293 iu
1582 4235 1627 4293 bia
1642 4242 1700 4293 erat
1724 4233 1827 4303 adbuc,
1841 4250 1909 4292 curu

254 4337 356 4399 stantia
377 4355 428 4395 aua
454 4345 482 4396 ct
509 4337 565 4394 tide
596 4336 707 4411 nopmia
734 4334 912 4392 dominorum
939 4349 1052 4390 suorum
1109 4326 1152 4384 illi
1167 4328 1224 4384 Deo
1238 4324 1386 4395 servirent,
1396 4332 1469 4383 reete
1482 4325 1537 4384 ait:
1557 4322 1773 4396 ‹Cniaproavis
1786 4321 1902 4379 corvio·

255 4432 430 4499 exaggerant.
454 4425 534 4494 Quod
561 4425 622 4484 ideo
637 4425 702 4483 hnic
721 4423 800 4498 quasi
817 4422 981 4481 charissimo
995 4422 1053 4480 filio
1108 4414 1278 4485 Quomodo?
1299 4416 1350 4472 «ln
1360 4413 1529 4474 conscientia
1539 4431 1639 4488 pura,·
1656 4413 1747 4487 iuquit
1760 4429 1766 4467 :
1778 4411 1818 4470 sic
1832 4411 1909 4468 euius

254 4513 362 4580 teribit,
381 4519 412 4570 ιι
426 4511 510 4584 buius
525 4513 564 4568 roi
584 4513 708 4570 imitator
721 4513 846 4581 exsistat,
866 4511 961 4570 eadem
976 4521 1053 4570 emto·
1068 4496 1094 4557 D
1108 4506 1258 4579 aliqnando
1271 4512 1433 4579 persecutus
1454 4511 1495 4562 est
1509 4503 1673 4574 Ecclesiam,
1696 4508 1727 4559 ut
1746 4499 1796 4559 liei
1814 4517 1910 4556 amore

254 4603 294 4661 ris
310 4601 431 4672 tradens,
455 4607 486 4658 ut
504 4617 553 4678 por
574 4601 718 4660 traducem
738 4601 942 4659 successionum
968 4601 1057 4660 inde-
1109 4596 1162 4654 hoc
1180 4581 1268 4670 apere,
1291 4612 1347 4653 non
1362 4594 1567 4651 malevolentia.
1587 4594 1655 4651 Nam
1681 4591 1767 4648 simili
1783 4588 1865 4646 modo
1880 4597 1911 4646 et

255 4693 351 4751 ticieus
364 4691 400 4750 sit
413 4690 532 4749 idonens
550 4690 659 4762 doctor,
674 4706 723 4764 por
737 4707 819 4767 quom
832 4701 935 4750 assem
951 4693 1054 4750 varim
1108 4683 1137 4741 in
1155 4685 1272 4757 epistola
1284 4683 1318 4742 ad
1333 4683 1463 4741 Hebraeos
1480 4681 1614 4756 scriptum
1631 4688 1672 4738 est
1687 4680 1752 4754 quia
1766 4678 1841 4748 Levi,
1857 4681 1911 4752 qui

256 4781 359 4840 multos
389 4781 512 4856 acquirat
532 4780 567 4838 ad
597 4779 682 4838 vitam
712 4780 886 4856 promissam,
920 4781 1052 4852 ιῦιῃιῑι,
1108 4772 1229 4831 decimas
1242 4773 1357 4846 accepit,
1374 4772 1495 4830 decimas
1508 4771 1585 4828 dedit
1606 4767 1823 4836 Melchisedech,
1839 4769 1912 4840 qnia

255 4869 457 4940 misericordia,
477 4880 506 4929 et
528 4887 613 4944 paxu
633 4872 690 4929 Deo
711 4871 799 4942 Patre,
825 4881 853 4929 et
865 4870 977 4929 Christo
990 4871 1054 4928 Jesn
1109 4863 1138 4920 in
1152 4861 1280 4931 Abrohae,
1298 4860 1399 4936 inquit,
1413 4861 1515 4918 lumbis
1537 4870 1595 4918 emt
1609 4859 1686 4930 Levi,
1702 4857 1811 4933 quondo
1825 4855 1912 4914 doci-

254 4961 510 5018 Dominouostro.·
530 4960 650 5019 Gratiam
660 4960 727 5019 huic
735 4961 825 5018 Patris
834 4959 863 5017 iu
879 4961 1054 5018 miseratione
1108 4969 1167 5010 mat
1181 4950 1284 5010 obtulil
1301 4950 1501 5010 Melchiffldffih
1522 4951 1615 5023 (thst
1636 4967 1686 5018 sn,
1701 4950 1728 5018 9,
1746 4947 1811 5020 ¹⁰l³
1827 4947 1867 5002 5¹³
1882 4955 1913 5003 ⁰¹

255 5059 377 5124 exoptat,
394 5060 425 5109 ot
436 5050 510 5108 adsit
523 5051 568 5108 ai:
589 5059 617 5108 et
631 5052 734 5110 Christi
749 5053 813 5109 Jcsu
827 5052 940 5109 Domini
953 5051 1052 5122 nostri,
1108 5042 1155 5100 hio
1169 5059 1185 5099 a
1200 5041 1311 5114 proavis
1325 5042 1381 5098 Deo
1397 5055 1425 5097 ιι
1439 5039 1507 5096 dicit
1522 5039 1648 5108 servisse,
1670 5037 1735 5111 quia
1749 5044 1775 5094 ot
1795 5034 1862 5092 bovi
1879 5036 1912 5091 in

254 5139 321 5216 quia
343 5143 418 5198 Deus
439 5138 554 5212 gratiam
578 5155 655 5197 snam
681 5157 729 5215 per
749 5139 891 5198 Christum
917 5140 1051 5213 largitur:
1110 5149 1213 5208 proavo
1235 5131 1356 5190 decimas
1377 5129 1482 5188 dicitnr
1503 5131 1649 5191 obtulisse.
1675 5131 1725 5186 Est
1749 5127 1822 5186 onim
1838 5126 1912 5184 Leni

255 5237 289 5288 ut
301 5245 358 5286 una
371 5228 459 5303 pratia
476 5227 514 5284 sit
528 5227 683 5301 utriusque.
1110 5234 1187 5298 pater
1200 5222 1292 5294 laoob,
1308 5239 1377 5280 arua
1390 5223 1474 5288 ιιιιι,
1486 5237 1605 5296 proavus
1622 5220 1772 5278 Abraham.
1786 5219 1912 5276 llnlturu

292 5316 514 5394 (versato.)
537 5316 886 5393 «Gratiasapolieomeo,
901 5319 947 5377 oui
962 5319 1053 5376 servio
1108 5331 1173 5390 ergo
1194 5331 1223 5372 ιι
1247 5328 1395 5372 memorem
1424 5311 1564 5372 Timothei
1591 5311 1746 5388 profitetur,
1767 5316 1795 5366 et
1821 5307 1914 5366 auide

292 5543 351 5616 (66)
371 5544 451 5604 Rom.
468 5543 547 5628 edit,
562 5542 654 5601 scribit
666 5561 735 5629 nanc
749 5543 892 5629 Apostolus
907 5545 943 5629 uel
961 5545 1054 5604 limo-
1145 5542 1204 5614 (67)
1229 5538 1332 5599 Eadem
1355 5539 1545 5626 Remedio,
1560 5556 1610 5614 per
1629 5538 1706 5611 fidem
1735 5533 1837 5598 coroa
1859 5536 1916 5604 sit,

256 5613 946 5763 matzbhpo'sotrsdsgoxncmsffimzpmammas,
972 5624 996 5675 et
1024 5624 1056 5677 et
1107 5614 1233 5683 edoceret,
1247 5629 1299 5688 pao
1310 5612 1499 5690 prodientem
1520 5627 1588 5683 cyna,
1603 5617 1655 5672 ete.
