4052 6192
14 2959 15 2976 2
123 2939 206 2980 mus:
228 2922 294 2981 binc
311 2925 408 2998 psalmi
424 2933 562 2994 resonent,
578 2924 644 2981 inde
652 2933 820 2997 concrepent
834 2926 927 2983 lectio·
941 2954 964 3015 B

14 3077 15 3080 Ἴ
123 3027 171 3070 nes
193 3028 200 3066 ε
216 3011 282 3070 binc
297 3015 461 3086 populorum
476 3015 565 3072 turbae
581 3014 720 3082 letentur,
737 3013 803 3070 inde
828 3015 926 3072 suble-

15 3137 18 3176 ς
123 3111 229 3159 ventur
243 3119 373 3176 pauperes
388 3101 503 3162 Christi.
515 3103 617 3162 Omnes
631 3119 696 3176 ergo
711 3103 883 3176 gratulemur
897 3121 926 3161 m

16 3241 17 3244 ,
123 3183 269 3261 Domino,
285 3200 313 3250 et
337 3193 372 3251 ad
402 3193 613 3252 edificationem
638 3193 778 3266 virginum
808 3193 927 3266 qualiter

16 3355 19 3361 Ι
121 3299 203 3356 passa
217 3283 254 3340 sit
271 3287 362 3358 Agnes
376 3285 543 3353 beatissima,
560 3285 594 3342 ad
618 3286 780 3342 memoriam
808 3301 927 3342 revoce-

16 3507 17 3542 3
120 3459 198 3518 libus
217 3469 278 3518 orta
306 3465 455 3534 natalibus,
480 3465 593 3522 nomine
617 3465 719 3538 Agnes,
744 3482 805 3539 quea
819 3472 926 3522 certans

15 3603 17 3610 .
119 3560 220 3609 contra
233 3552 371 3626 principes
385 3562 412 3612 et
427 3562 574 3627 potestates
595 3555 770 3612 tenebrarum
794 3555 849 3628 (l),
864 3561 925 3611 ter-

16 3797 17 3802 ,
119 3729 208 3785 vitam
230 3730 545 3807 invenit;quiasolum
565 3733 630 3789 vitae
645 3730 746 3790 dilexit
763 3731 922 3790 Auctorem.
998 3776 1003 3786 .

16 3903 17 3906 ’
118 3915 250 3964 senectus
273 3909 373 3966 mentis
396 3909 425 3966 in
445 3909 568 3968 moribus
584 3910 649 3983 (2):
674 3927 789 3984 corpore
811 3911 923 3984 quidem

131 313 183 370 8l³
575 317 757 377 EPISTOLAE
777 320 827 378 EX
849 322 1083 384 nussnoslmtrs
1101 325 1333 387 SEGREGATAE.
1724 339 1778 395 8lh

130 443 207 494 aetatc
221 411 271 492 sua
285 445 439 512 martyrum
451 440 562 514 quidem
573 443 697 500 Gervasii
711 447 918 519 atqueProtasii
932 450 1000 507 Acta
1010 444 1158 521 exstitisse,
1170 467 1225 508 non
1239 468 1305 509 vero
1318 452 1420 511 Vitalis
1431 462 1459 511 et
1469 454 1616 528 Agricolae-
1634 456 1777 516 Postremo

129 525 251 599 Epistola
263 543 324 599 quas
339 527 369 584 in
383 527 506 588 Romana
520 531 641 589 aditione
655 534 787 591 Flaviaco
801 536 965 596 inscribitur
982 558 989 608 ;
1008 541 1035 595 in
1050 538 1143 596 codice
1162 551 1252 596 autem
1268 542 1357 614 llegiae
1379 542 1558 600 Bibliothecae
1580 543 1629 600 vix
1651 543 1779 605 ducentis

129 614 208 671 annis
221 616 380 688 superiore:
396 617 436 673 De
448 619 566 675 moribus
576 626 599 675 et
614 621 721 678 honesta
735 623 792 680 viu
801 642 816 700 ¹;
841 625 906 682 licet
928 626 1075 702 utrobique
1088 629 1228 686 Ambrosii
1241 645 1342 686 nomen
1362 630 1391 687 in
1406 630 1497 688 fronte
1511 631 1590 699 ierat,
1606 631 1672 690 hnic
1686 641 1779 692 tamen

130 702 210 760 titulo
219 703 343 775 ejusdem
359 707 447 778 stylus
461 708 646 782 acingenium
664 712 745 783 plane
763 714 925 772 reclamant.

615 913 1290 1196 nnisuonm

191 1289 269 1374 EX
312 1289 914 1377 AMBROSIANARUM
957 1291 1237 1382 NUMERO
1284 1297 1712 1389 SEGREGATAE.

362 1597 438 1658 479
448 1585 636 1653 urlsrotn‘
650 1595 673 1652 Ι.
942 1595 968 1656 A
985 1592 1069 1668 hujus
1096 1599 1193 1656 mundi
1221 1601 1334 1660 delicias
1359 1607 1561 1679 repromittere,
1575 1607 1599 1665 si
1614 1625 1779 1671 consensum

126 1709 277 1791 Antequam
286 1708 370 1780 Apate
380 1710 493 1852 oiqgv'uis
503 1711 664 1782 martyriam
673 1709 931 1776 describaturmmor·
984 1703 1065 1744 suum
1080 1687 1140 1761 ejus
1158 1691 1287 1766 ⁰⁰¹¹jl¹ssi⁰
1301 1711 1358 1752 ⁰⁰¹¹
1374 1706 1507 1772 Πθὲθῧθθῑ·

157 1781 747 1924 'ritu‘ss'ssassiiussrffrr‘gisssshhamah&
756 1788 931 1924 ’gffflfq
1019 1804 1046 1860 a.
1061 1804 1105 1861 aa
1120 1805 1179 1863 aaa
1192 1805 1271 1864 beata
1285 1809 1377 1883 Agnes
1394 1813 1447 1870 uia
1462 1814 1549 1872 rerur
1558 1816 1656 1888 juvent
1671 1820 1780 1880 neniae

158 1925 232 1979 iuter
247 1923 380 1980 miracula
402 1925 530 1980 diviuitas
549 1931 659 1997 propter
682 1925 799 1980 eumdem
810 1927 929 1996 puellum
984 1908 1143 1966 ¹⁰⁵p⁰¹¹⁸¹¹¹¹¹
1160 1897 1303 1998 {Diffde
1324 1917 1340 1956 ³
1363 1917 1417 1971 me,
1436 1902 1524 2003 ¹⁰¹⁰&
1544 1909 1659 2006 Ρθίξθῧῑῑι
1684 1912 1780 1968 nulli·

156 2001 324 2067 pffpeprapffi
339 1996 545 2052 adopscmgssg„
554 2013 611 2051 mm
621 1996 786 2068 depereunte,
795 1996 928 2062 inperitus,
984 1990 1108 2038 mentum
1127 1983 1269 2056 facinoris,
1283 1987 1418 2060 pabulum
1430 1999 1528 2049 mortus
1542 2011 1548 2050 :
1562 1994 1672 2052 discede
1686 2014 1701 2054 a
1716 2015 1779 2066 me;

158 2072 240 2148 utque
255 2067 292 2122 cd
302 2067 384 2123 viteam
398 2069 539 2150 recusatio.
560 2070 625 2124 Ἠιιιι
639 2067 759 2150 sequitur
772 2067 884 2139 virginis
898 2068 928 2123 ol>
983 2071 1048 2145 quia
1058 2071 1115 2144 J'am
1135 2073 1169 2130 ab
1184 2075 1238 2132 alio
1259 2084 1380 2134 amatore
1402 2089 1542 2152 praeventa
1560 2101 1631 2154 sum,
1648 2085 1695 2160 qui
1710 2087 1781 2145 mihi

157 2138 323 2194 ethnicorum
361 2140 513 2196 seditionem
545 2140 725 2196 condemwlw
759 2139 796 2194 “d
822 2156 928 2222 rogum,
983 2160 1049 2218 satis
1063 2162 1178 2218 meliora
1191 2163 1294 2222 obtulit
1308 2177 1480 2239 ornamenta,
1494 2179 1521 2228 et
1536 2175 1639 2231 annulo
1651 2174 1715 2233 fidei
1724 2195 1780 2236 suae

157 2226 271 2337 mx
290 2211 469 2340 candefffl
481 2211 930 2355 ssgzbffimffioecfflwfflffinffi
983 2249 1160 2308 subarrhavit
1174 2269 1228 2322 me,
1245 2253 1324 2327 longe
1347 2263 1373 2313 te
1398 2257 1520 2316 nobilior
1533 2268 1561 2317 et
1575 2279 1672 2334 genere
1686 2272 1714 2322 et
1732 2266 1781 2323 dl·

156 2352 294 2422 Martpris
311 2352 442 2409 tumulum
461 2354 580 2410 orationi
595 2355 722 2408 instantes
736 2351 830 2422 surore
843 2354 928 2410 declu-
983 2337 1096 2411 inime-
1117 2340 1233 2399 Olmii
1256 2344 1444 2404 issaessliffllbili
1464 2349 1659 2410 dextrocherio
1680 2355 1781 2413 dexte-

156 2430 232 2490 rata,
254 2441 307 2478 nea
335 2426 538 2493 Emerentiauoe,
565 2431 590 2480 et
613 2424 776 2481 ceromatico
803 2425 929 2498 Auguste
982 2447 1040 2489 ram
1056 2450 1155 2505 meam,
1175 2437 1320 2494 etcollum
1335 2454 1426 2497 meum
1448 2441 1538 2501 cinxit
1561 2445 1699 2517 lapidibus
1713 2463 1780 2520 pre·

152 2496 469 2640 fflmffljige‘r'g'tffi‘gss
477 2497 853 2641 oe'bwuffirwls’fflffi
865 2504 929 2626 ἑῖῖ
981 2524 1070 2582 tiosis.
1086 2525 1210 2584 Tradidit
1224 2529 1338 2588 auribus
1362 2533 1430 2590 meis
1454 2533 1658 2594 inaestimabiles
1669 2555 1779 2612 marga-

153 2637 284 2711 pluribus
297 2638 458 2712 virm-nimis
473 2640 639 2713 propositum
654 2645 809 2696 ,narratur-
982 2614 1060 2682 ritas,
1076 2623 1103 2673 et
1117 2616 1300 2676 circumdedit
1322 2636 1367 2677 me
1389 2624 1568 2682 vernantibus
1594 2633 1676 2699 atque
1700 2642 1778 2684 coru·

982 2705 1125 2762 scantibus
1138 2707 1262 2778 gemmis.
1287 2709 1382 2764 Posuit
1396 2709 1504 2782 signum
1520 2714 1548 2769 in
1565 2713 1661 2771 faciem
1677 2732 1777 2786 meam,

941 2832 944 2838 -
982 2801 1013 2848 ut
1028 2793 1136 2849 nullum
1148 2803 1246 2867 praeter
1256 2796 1345 2868 ipsum
1360 2807 1509 2856 amatorem
1520 2801 1673 2859 admittam.
1683 2804 1778 2862 lnduit

983 2895 1026 2935 me
1055 2881 1168 2952 cyclade
1195 2897 1261 2938 auro
1289 2891 1375 2954 texta,
1404 2894 1431 2943 et
1459 2888 1602 2946 immensis
1625 2891 1778 2950 monilibus

983 2969 1093 3026 ornavit
1108 2986 1160 3026 me.
1177 2971 1305 3030 Ostendit
1319 2973 1389 3032 mihi
1410 2976 1551 3036 thesauros
1569 2980 1778 3055 incomparabi-

899 3105 904 3116 .
982 3058 1031 3128 las,
1052 3059 1204 3131 quaemihi
1228 3062 1407 3122 sedatorum
1431 3069 1598 3140 repromisit,
1623 3069 1695 3127 siin
1718 3070 1777 3143 ejus

981 3163 1190 3220 perseveravero
1207 3167 1310 3208 amore.
1334 3153 1396 3210 Non
1414 3171 1479 3227 ergo
1499 3165 1593 3228 potero
1616 3159 1651 3216 ad
1673 3169 1778 3218 coutu-

123 2745 432 2820 Asunosrusepiscopus
443 2763 540 2804 servus
550 2745 654 2804 Christi
665 2745 821 2818 virginibus
832 2745 926 2804 sacris.

158 2836 187 2891 l.
207 2835 287 2891 Diem
314 2835 415 2892 iestum
443 2835 633 2893 sacratissima
655 2835 774 2908 virginis
803 2836 928 2892 celebre-

981 3239 1090 3296 meliam
1106 3241 1345 3313 priorissmatoris
1360 3245 1404 3301 vel
1419 3246 1539 3318 aspicere
1553 3249 1638 3306 alium
1654 3259 1682 3307 et
1695 3253 1776 3309 illum

979 3327 1135 3402 relinquere
1149 3346 1212 3385 cum
1228 3345 1283 3403 quo
1296 3347 1357 3388 sum
1373 3332 1509 3392 charitate
1529 3335 1659 3396 devincta
1674 3357 1681 3408 ;
1696 3340 1776 3413 cujus

980 3424 1021 3472 est
1031 3419 1197 3488 generositas
1211 3419 1321 3490 celsior,
1342 3421 1512 3492 possibilitas
1525 3425 1637 3495 fortior,
1650 3437 1776 3500 aspectus

982 3505 1134 3577 pulchrior,
1149 3523 1226 3562 amor
1241 3508 1361 3578 suavior,
1378 3518 1405 3566 et
1419 3515 1494 3567 omni
1508 3514 1595 3585 gratia
1613 3515 1774 3588 elegantior.

979 3596 1004 3650 A
1018 3610 1072 3667 qno
1088 3593 1157 3651 mihi
1165 3595 1222 3667 jam
1233 3597 1370 3654 thalamus
1383 3601 1534 3659 collocatus
1549 3611 1598 3672 est,
1614 3604 1776 3676 cujusmibi

979 3700 1081 3756 organa
1104 3685 1253 3742 modulatis
1267 3687 1383 3744 vocibus
1398 3699 1527 3747 resonant
1541 3691 1620 3764 quus
1634 3693 1704 3750 mihi
1718 3696 1782 3752 vir··

122 3389 196 3429 mus.
213 3372 347 3447 Tempore
361 3374 409 3432 illo
424 3383 483 3432 erat
496 3377 622 3449 quadam
637 3375 717 3449 virgo
731 3377 823 3434 Romae
840 3373 928 3432 nobi-

119 3639 274 3697 tiodecimo
293 3642 380 3699 etatis
408 3659 463 3699 suo
491 3659 565 3700 anno
592 3651 709 3700 mortem
741 3642 869 3716 perdidit,
898 3650 925 3700 et

979 3791 1056 3848 grnes
1067 3776 1229 3848 justissimis
1253 3779 1368 3836 vocibus
1390 3787 1512 3837 cautant.
1536 3783 1595 3840 lam
1611 3785 1665 3842 mel
1679 3791 1707 3842 et
1733 3787 1776 3844 lac

979 3881 1013 3922 ex
1037 3881 1083 3922 ore
1105 3866 1164 3938 ejus
1190 3867 1307 3940 suscepi,
1332 3867 1389 3941 jam
1413 3871 1587 3942 amplexibus
1613 3873 1673 3945 ejus
1691 3875 1774 3932 castis
1824 3899 1827 3904 ·

977 3954 1090 4012 astricta
1103 3961 1178 4018 480
1200 3973 1272 4025 sum,
1289 3956 1347 4028 jam
1373 3974 1473 4032 corpus
1497 3957 1557 4031 ejus
1578 3962 1688 4034 corpori
1712 3978 1773 4018 meo

977 4052 1112 4110 sociatum
1127 4059 1178 4121 est,
1202 4062 1229 4109 ct
1249 4054 1359 4126 sanguis
1379 4054 1438 4128 ejus
1461 4055 1570 4112 ornavit
1591 4072 1672 4129 genas
1687 4073 1770 4114 meas.

978 4140 1064 4214 Cujus
1079 4150 1166 4198 mater
1179 4143 1258 4214 virgo
1272 4151 1322 4211 cst,
1338 4143 1418 4215 cujus
1432 4152 1510 4217 pater
1524 4145 1769 4213 feminamnescit;

119 3816 243 3875 Infantia
265 3819 375 3893 quidem
399 3819 611 3895 computabatur
634 3823 663 3878 in
690 3822 779 3891 annis,
805 3819 851 3878 sed
867 3829 925 3878 erat

120 3993 282 4067 juvencula,
308 3997 356 4054 sed
388 3998 481 4055 animo
508 4015 586 4056 cana.
620 3998 738 4056 Pulchra
767 3995 846 4070 facie,
876 3997 923 4055 sed

122 4083 267 4156 pulchrior
281 4085 345 4156 side,
360 4091 387 4144 et
401 4087 551 4160 elegantior
564 4088 697 4146 castitate.

157 4174 186 4231 2.
203 4173 266 4243 Qua
294 4179 396 4234 durna
423 4177 525 4234 scholis
549 4183 774 4248 reverteretur,a
800 4177 922 4252 prefecti

121 4262 205 4322 Urbis
218 4265 278 4322 lilio
305 4267 458 4324 adamatur.
485 4266 571 4340 Cujus
597 4274 723 4339 parentes
748 4284 810 4324 curn
826 4269 923 4342 requi-

117 4351 230 4424 sissent,
260 4363 287 4412 el
301 4356 482 4425 invenissent,
507 4363 650 4428 coeperunt
671 4356 787 4428 pulchra
810 4355 918 4426 offerre,

94 4449 143 4498 .et
158 4440 322 4516 pulchriora
352 4445 511 4517 promittere
536 4445 589 4518 (3).
615 4444 737 4518 Denique
764 4443 919 4503 detulerant

115 4547 213 4590 secum
227 4532 426 4606 pretiosissima
450 4539 622 4601 ornamenta,
645 4549 705 4606 qua
720 4551 735 4588 a
750 4533 829 4590 beata
842 4535 918 4607 Agna

116 4620 208 4676 veluti
223 4621 346 4694 quaedam
362 4629 481 4680 stercora
496 4629 560 4678 sunt
575 4630 707 4679 recusata.
724 4622 801 4680 Unde
815 4622 917 4680 iactum

114 4717 156 4766 cst
171 4717 205 4765 ut
217 4705 331 4782 juvenis
351 4709 450 4783 maiori
470 4719 662 4785 perurgeretur
676 4713 777 4770 amoris
791 4713 916 4783 stimulo,

114 4807 142 4855 et
156 4806 261 4873 putans
274 4815 332 4854 eam
350 4795 463 4871 juvenis
477 4800 591 4857 meliora
605 4801 676 4858 velle
695 4803 817 4876 accipere
832 4819 918 4860 orna-

114 4895 223 4957 menta,
238 4903 348 4944 omnem
365 4889 482 4962 lapidem
497 4887 648 4963 pretiosum
670 4909 762 4949 secum
776 4892 874 4962 deleri,
890 4899 918 4950 et

114 4977 235 5050 gloriam
251 4977 292 5050 (l)
306 4997 312 5034 :
328 4984 356 5036 et
370 4994 418 5052 per
433 4995 461 5035 se
471 4979 574 5052 ipsum,
592 4985 620 5036 et
639 4996 687 5053 per
701 4980 814 5051 amicos,
833 4989 917 5055 etper

112 5073 208 5137 notos,
226 5075 252 5124 et
280 5069 386 5139 affines,
410 5069 494 5143 coepit
516 5085 596 5127 aures
624 5069 741 5144 virginis
767 5070 916 5144 appellare,

111 5155 241 5227 divitias,
257 5159 366 5228 domos,
386 5155 582 5234 possessiones,
592 5156 917 5235 iamilias,atqueomnes
1006 5151 1032 5210 3·
1048 5148 1172 5209 Audiens
1186 5149 1379 5212 issfflssiffliffllss
1390 5151 1513 5226 juvenis,
1538 5170 1630 5214 amore
1644 5157 1766 5229 Carpitur

976 4231 1022 4288 oui
1035 4232 1125 4304 angeli
1134 4231 1269 4300 serviunt,
1278 4231 1357 4304 cujus
1368 4233 1604 4304 pulchritudinem
1615 4235 1692 4291 solet
1705 4235 1772 4292 luna

934 4311 1119 4390 Cmirautur,
1145 4321 1224 4393 cujus
1247 4322 1330 4378 odore
1353 4321 1526 4379 reviviscunt
1554 4323 1667 4392 mortui,
1692 4322 1771 4396 cujus

973 4418 1048 4467 tactu
1073 4411 1265 4469 confortantur
1290 4410 1405 4480 intirmi,
1430 4410 1509 4483 cujus
1532 4429 1596 4486 opes
1626 4428 1769 4486 nunquam

972 4499 1115 4570 deliciunt,
1138 4500 1270 4576 cujusque
1296 4501 1402 4558 divitie
1426 4518 1567 4576 nunquam
1596 4504 1767 4562 decrescunt.

972 4591 1027 4662 Ipsi
1055 4589 1107 4647 soli
1136 4607 1215 4648 servo
1239 4590 1321 4647 tidem
1351 4607 1450 4661 meam,
1479 4592 1531 4666 ipsi
1564 4609 1607 4650 me
1632 4601 1691 4652 tota
1717 4593 1770 4651 de-

972 4679 1084 4736 votione
1111 4680 1265 4738 committo.
1304 4681 1391 4748 Quem
1423 4698 1486 4738 cum
1520 4699 1658 4753 amavero,
1695 4693 1769 4741 casta

971 4785 1033 4827 sum
1054 4787 1138 4827 :curu
1162 4769 1288 4842 tetigero,
1313 4769 1417 4827 niunda
1440 4789 1524 4828 sum:
1548 4789 1611 4830 cum
1627 4789 1767 4860 accepero,

971 4859 1049 4931 virgo
1062 4875 1134 4915 sum.
1151 4859 1206 4916 Nec
1220 4859 1336 4916 deerunt
1359 4868 1420 4932 post
1444 4861 1554 4934 nuptias
1572 4862 1685 4932 filii,ubi
1700 4879 1768 4935 par-

971 4947 1089 5004 tussine
1104 4946 1198 5006 dolore
1212 4948 1344 5020 succedit,
1371 4958 1398 5006 et
1422 4949 1579 5008 fecunditas
1604 4952 1766 5025 quotidiana
1841 4939 1856 4954 ’

970 5036 1139 5095 cumulatur.

137 5361 195 5494 1(1)
215 5363 339 5440 Tempore
352 5363 514 5426 illuceat...
530 5375 554 5426 et
573 5373 712 5442 metues
730 5369 915 5438 mirarum,
967 5373 1090 5440 parentes
1110 5368 1173 5425 dum
1194 5367 1355 5441 requisisset,
1373 5375 1398 5426 et
1410 5367 1560 5438 inuenisset,
1583 5368 1658 5442 cepit
1669 5367 1764 5439 offerre

109 5451 125 5492 e
166 5437 289 5496 oalliano
302 5441 365 5498 cod.
377 5442 571 5500 restituuntur.
966 5441 1099 5512 pluriora,
1110 5447 1136 5497 et
1146 5441 1230 5512 pluro
1242 5442 1405 5513 promittet-e.
1651 5509 1657 5521 ‚

149 5507 196 5582 (2)
224 5509 327 5568 Omnes
348 5512 430 5582 edit,
457 5513 502 5570 sed
526 5513 621 5570 meotis
644 5521 758 5570 euectus
780 5520 839 5572 erut
864 5514 916 5570 im·
1006 5510 1051 5584 (t)
1076 5512 1177 5570 Omnes
1199 5512 1280 5582 edit,
1304 5514 1421 5570 omnium
1448 5513 1567 5584 lapidans
1587 5515 1764 5582 pretiosorum

108 5579 206 5636 meula
220 5599 230 5648 ,·
245 5584 346 5640 melius
359 5599 426 5642 vero
439 5585 502 5644 cod.
520 5583 611 5644 Noall.
626 5591 657 5644 ut
668 5586 699 5642 in
711 5594 852 5644 contextu.
969 5597 1054 5640 mum
1071 5583 1297 5658 &alduterium

149 5649 194 5722 (3)
213 5654 252 5711 lta
274 5654 336 5714 cod.
364 5657 480 5727 Nosil.;
508 5664 711 5717 omnesautem
734 5657 813 5729 edit,
836 5655 913 5727 capus
