4122 6192
245 314 298 376 919
747 310 796 366 ΑΙ)
815 305 934 376 OPERA
952 303 981 360 S.
1002 297 1174 360 nuuuosu
1192 294 1384 354 APPENDIX.
1845 292 1898 352 (ᾖ

243 451 372 504 uentura
385 441 444 515 lege
457 459 463 498 :
478 439 594 514 ideoque
603 433 756 511 omnesqui
773 434 845 491 malo
858 429 952 488 animo
966 427 1034 486 odo·
1050 425 1213 496 Asturae,
1228 422 1323 482 emisit
1341 421 1499 480 dominium
1525 425 1696 478 remnmum
1724 417 1897 489 animarum,

244 539 342 591 rantur
355 529 440 590 verba
452 529 528 598 fidei,
543 527 730 587 remanentia
740 531 838 580 morte.
1097 527 1128 575 ut
1139 517 1197 589 jam
1213 515 1334 588 signatos
1348 514 1427 586 signo
1442 512 1545 582 crucis,
1570 510 1600 567 in
1614 525 1669 583 qua
1692 508 1785 568 rictus
1800 517 1852 580 eet,
1867 509 1897 566 in

279 620 430 680 Videamus
445 635 522 676 nunc
537 617 604 692 quid
613 615 723 674 intersit
736 629 800 672 curu
814 608 919 668 dicitur
933 608 979 665 lex
989 606 1043 679 spi·
1097 603 1218 662 secunda
1232 611 1320 662 morte
1338 609 1432 659 tenere
1451 615 1506 658 non
1527 597 1635 656 audeat.
1652 595 1837 665 Quamobrem
1862 595 1898 656 aa

244 709 334 767 ritulis
347 715 376 765 et
389 709 434 766 lex
449 707 573 780 spiritus.
592 707 650 762 llcc
664 703 790 768 interest,
805 698 870 772 quia
883 696 990 754 idcirco
1002 694 1043 751 di·
1097 695 1276 751 securitatem
1293 701 1417 749 nostram
1431 689 1491 746 baec
1504 695 1605 746 tractat
1623 686 1783 759 Apostolus.

244 799 317 858 citur
341 799 387 856 lex
413 797 556 872 spiritalis,
573 795 639 869 quia
657 799 792 866 precepta
823 788 881 858 dat,
910 803 957 860 per
983 802 1044 859 qua
1135 782 1226 854 (Vere.
1242 779 1297 851 l.)
1332 780 1392 837 ·Ut
1415 776 1580 850 justificatio
1596 775 1663 848 legis
1677 773 1841 846 impleretur
1867 773 1898 834 in

244 905 300 946 non
314 896 455 962 peccetur,
471 886 537 960 quia
549 884 596 958 qui
618 899 674 939 non
692 888 797 954 peccat,
813 877 947 952 spiritalis
964 891 1044 933 voca·
1097 869 1187 939 nohis,
1202 869 1250 942 qui
1271 883 1327 924 non
1349 867 1501 924 secundum
1515 879 1626 922 carnem
1652 860 1834 932 ambulamus,
1850 863 1899 922 sed

244 987 290 1035 tur
306 995 312 1034 :
330 977 446 1035 aemulus
468 973 655 1045 superiorum,
675 969 704 1027 id
728 976 779 1036 est,
802 966 957 1024 caelestium
972 965 1043 1038 (96).
1097 957 1424 1030 secundumsptritum.›
1453 955 1517 1012 ldeo
1540 953 1701 1010 damnatum
1715 951 1784 1010 dicit
1796 969 1899 1026 pecta-

243 1068 301 1124 tex
328 1071 420 1122 autem
460 1062 575 1136 spiritus
624 1067 768 1134 propterea
809 1065 934 1124 vocatur,
977 1053 1044 1127 quia
1098 1058 1169 1117 tum,
1184 1055 1215 1104 ut
1229 1048 1393 1120 impleretur
1421 1043 1554 1102 innubis
1578 1041 1743 1114 justificatio
1768 1042 1896 1114 legis'n

243 1157 326 1224 nens,
354 1151 436 1226 cujus
463 1151 532 1210 tides
560 1157 612 1219 est,
636 1149 750 1223 spiritua
795 1155 846 1204 ost·
879 1144 942 1203 Illic
981 1159 1045 1218 ergo
1098 1148 1199 1206 datas
1217 1149 1331 1221 lloyse;
1356 1147 1459 1205 sublati
1485 1144 1559 1204 enim
1574 1143 1609 1202 de
1636 1141 1797 1200 conditione
1818 1141 1898 1216 legis,

245 1243 329 1300 verba
345 1251 420 1311 sunt,
447 1241 551 1300 bicres
566 1258 574 1309 ;
591 1239 651 1298 illic
670 1236 886 1312 quarterium,
901 1234 949 1292 hic
971 1235 1045 1291 Deus
1099 1238 1276 1316 facthumus
1288 1237 1371 1294 amici
1385 1236 1530 1309 ejusdem;
1549 1233 1700 1307 justificati
1716 1231 1791 1290 enim
1813 1233 1899 1290 amici

245 1333 315 1407 ipse.
1099 1329 1166 1402 legis
1179 1335 1252 1385 sunt.
1269 1325 1415 1394 Quomodo
1440 1332 1534 1384 autem
1560 1325 1696 1397 impletur
1710 1322 1740 1380 in
1754 1322 1835 1380 nobit
1853 1322 1898 1396 ju·

281 1420 373 1492 (vers.
386 1417 427 1490 e.)
450 1416 610 1486 «Quoniam
623 1415 697 1490 quod
710 1412 951 1488 imnmsibileorat
964 1411 1044 1485 tegis,
1099 1415 1240 1486 anteana,
1253 1415 1308 1472 nisi
1323 1431 1386 1473 eum
1401 1415 1483 1472 natur
1499 1412 1760 1470 remisstoomntum
1775 1419 1899 1484 peccam

245 1509 274 1566 in
288 1523 345 1582 quo
360 1505 554 1564 infirmabatur
568 1522 615 1580 pes
626 1519 748 1574 caruem,
760 1505 834 1561 Deus
847 1502 952 1559 Filium
964 1516 1045 1558 suum
1098 1523 1174 1577 rum,
1202 1513 1235 1564 ut
1258 1505 1375 1564 sublatis
1402 1503 1530 1578 peccatis,
1552 1502 1725 1575 justificatus
1756 1511 1898 1574 appareat,

244 1595 618 1656 mittensinsimilitudinem
644 1593 736 1652 carnit
756 1592 871 1666 peccati,
888 1589 921 1648 de
936 1597 1046 1664 peceato
1100 1606 1193 1654 ruente
1208 1597 1335 1653 serviens
1363 1595 1416 1668 legi
1431 1594 1511 1651 Dei?
1534 1595 1645 1650 llocest
1663 1607 1719 1649 non
1746 1591 1899 1649 secundum

244 1687 388 1748 damnavit
401 1693 543 1759 peccatum
555 1685 584 1742 in
599 1699 708 1742 carne.»
722 1684 787 1740 llaec
799 1681 880 1752 dicit,
889 1681 1046 1754 uthaptiza·
1099 1702 1209 1744 carnem
1230 1685 1382 1752 ambulare,
1406 1683 1453 1740 sed
1490 1681 1647 1740 secundum
1685 1681 1838 1754 spiritum;
1868 1688 1901 1738 nt

244 1785 287 1836 tos
300 1793 412 1836 securm
438 1773 551 1840 reddat,
576 1772 642 1846 quia
666 1771 778 1828 liberati
795 1778 862 1828 sunt
882 1786 898 1827 a
921 1777 1043 1844 peccato.
1061 1790 1085 1852 B
1100 1775 1212 1832 devotio
1237 1773 1335 1841 animi,
1360 1773 1408 1847 qui
1435 1781 1477 1830 est
1503 1771 1629 1845 spiritus,
1661 1787 1718 1828 non
1742 1771 1901 1829 consentiat

250 1864 409 1934 «Quoniam
424 1860 679 1936 quodimpoesibile
696 1859 880 1933 erat,inquit,
894 1856 1045 1932 legis.·Cui
1099 1863 1237 1922 desiderio
1251 1862 1368 1937 peccati,
1388 1864 1454 1937 quia
1479 1877 1528 1936 per
1551 1877 1663 1918 carnem
1685 1859 1803 1917 seminat
1825 1876 1901 1918 con·-

245 1953 490 2029 impossibileestl
500 1952 585 2010 Nobis
596 1951 703 2008 scilicet
716 1948 889 2024 impossibile
904 1956 1044 2005 eratman·
1098 1953 1282 2027 mpimentias
1295 1954 1406 2022 anima,
1422 1952 1496 2026 qnod
1520 1952 1591 2008 inest
1612 1957 1765 2025 peccatum.
1781 1949 1811 2007 Si
1823 1951 1899 2008 enim

244 2043 339 2102 datum
354 2042 434 2115 Legis
454 2041 570 2115 implere
585 2058 593 2109 ;
620 2038 685 2112 quia
697 2037 817 2110 subjecti
826 2053 935 2094 eramus
946 2053 1046 2110 pecca-
1100 2042 1260 2099 damnatum
1271 2051 1313 2100 est
1325 2049 1465 2115 peccatum
1480 2039 1898 2114 aSalvatore,quomodoinest?

244 2130 474 2192 to.0bhocl)eus
492 2129 596 2188 Filium
604 2143 686 2186 suum
697 2127 774 2185 misit
785 2129 814 2184 in
829 2126 1043 2183 similitudinem
1099 2133 1264 2188 Damnatum
1280 2139 1321 2188 eet
1334 2131 1512 2199 aSalvatore,
1539 2139 1566 2187 et
1588 2129 1693 2201 triplici
1709 2127 1769 2201 (99)
1798 2141 1898 2200 qenere

244 2222 335 2280 carnis
344 2221 527 2295 peccati.Haec
536 2226 577 2278 cet
586 2217 742 2276 similitudo
750 2217 857 2286 carnis3
873 2217 937 2291 quia
951 2233 1045 2290 quam·
1099 2219 1365 2278 demnatumPrimo
1378 2219 1452 2277 enim
1465 2219 1496 2276 in
1510 2219 1571 2276 loco
1584 2216 1727 2275 damnavit
1741 2225 1897 2290 peceatum,

248 2311 291 2368 vis
304 2309 399 2368 eadem
411 2325 475 2367 caro
485 2309 531 2378 sit,
546 2325 608 2383 qnae
616 2317 643 2366 et
656 2313 751 2364 nostra
761 2325 769 2375 ;
780 2313 935 2363 nontamen
944 2306 1044 2362 italae·
1098 2309 1164 2367 dnm
1181 2327 1237 2368 non
1260 2308 1393 2382 peccavit,
1421 2308 1588 2366 dissentiens
1613 2323 1629 2363 a
1647 2314 1771 2380 peccato.
1789 2305 1898 2363 Deinde

246 2407 275 2458 ta
287 2399 407 2456 inutero
414 2405 490 2456 estet
503 2397 653 2468 nata,sicut
668 2403 696 2453 et
707 2412 771 2454 caro
786 2404 889 2452 nostra.
905 2396 956 2452 Est
969 2395 1044 2451 enirn
1099 2399 1218 2457 incrnoe
1232 2405 1388 2474 peecatum,
1404 2399 1469 2473 quia
1488 2397 1623 2470 pensavit,
1646 2395 1809 2452 damnatum
1827 2392 1896 2452 dici·

245 2487 417 2548 sanctificata
428 2485 457 2544 in
472 2494 561 2556 utero,
576 2495 605 2543 et
619 2493 684 2543 nata
698 2485 759 2542 sine
769 2491 892 2556 peccato,
905 2491 933 2541 et
955 2499 1044 2557 neque
1099 2497 1153 2546 tur.
1171 2487 1247 2546 Unde
1272 2488 1380 2546 sublata
1395 2496 1437 2545 est
1458 2486 1500 2542 illi
1523 2485 1673 2544 auctoritas
1688 2484 1768 2558 quasi
1781 2483 1898 2556 peccati,

246 2578 348 2652 ipsein
362 2576 553 2650 illapcccavit.
569 2574 634 2632 Ideo
647 2572 721 2632 euim
730 2572 876 2647 virginalis
886 2579 980 2628 uterm
990 2572 1043 2630 ele·
1101 2595 1156 2652 qua
1169 2578 1311 2637 detinebat
1324 2577 1452 2634 homines
1467 2576 1496 2632 in
1506 2574 1617 2632 inferno
1632 2582 1747 2648 propter
1761 2571 1897 2631 delictum

246 2674 307 2726 otus
320 2665 524 2739 estudpartum
532 2660 1045 2731 Dominicum,utinsauctitatedider—
1101 2667 1186 2725 Adm:
1206 2674 1238 2722 ut
1250 2665 1285 2724 de
1310 2665 1452 2723 caeteruin
1476 2663 1581 2737 quibus
1604 2663 1715 2735 signum
1735 2660 1827 2722 crucis
1845 2669 1897 2730 est,

245 2762 287 2812 ret
301 2772 364 2812 caro
374 2754 487 2811 Domini
500 2768 603 2810 acerne
613 2751 762 2820 uostra;in
771 2767 853 2808 causa
861 2750 935 2807 enirn
945 2750 1046 2806 similis
1100 2756 1223 2814 detinere
1238 2771 1293 2810 non
1315 2753 1424 2812 audeat.
1453 2753 1547 2810 Tertio
1575 2751 1719 2808 damnavit
1743 2759 1897 2824 peccatum,

244 2851 296 2914 est,
311 2859 368 2902 non
384 2844 416 2902 in
436 2843 569 2917 qualitate
592 2841 696 2915 peccati
711 2841 884 2899 substantiae.
898 2841 1046 2913 Propterea
1099 2845 1166 2902 dum
1193 2844 1273 2901 irrita
1295 2844 1362 2901 fecit
1387 2843 1498 2913 delicta,
1534 2841 1697 2898 remissione
1721 2849 1899 2914 peccatorum

245 2951 309 3008 ergo
323 2933 442 2992 similem
457 2931 611 3005 dixit,quia
624 2931 658 2988 de
671 2931 764 2988 eadem
776 2931 930 2988 substantia
943 2931 1045 3000 carnis,
1099 2949 1237 2992 concessa.
1250 2933 1319 2991 Cum
1336 2933 1410 2990 enim
1425 2939 1552 3006 peccator
1561 2947 1642 2989 causa
1653 2929 1767 2990 admissi
1792 2929 1898 3002 peccati

245 3039 301 3080 uon
334 3021 459 3078 eamdem
492 3017 593 3077 hahuit
624 3019 809 3088 nativitatem,
845 3019 912 3092 qnia
934 3025 1045 3091 peccato
1099 3023 1271 3080 damnandus
1284 3028 1365 3090 essct,
1381 3022 1524 3096 ignoscens
1537 3027 1628 3076 autem
1653 3019 1678 3076 ei
1693 3017 1838 3076 damnavit
1866 3017 1898 3075 in

245 3109 400 3182 subjectum
415 3125 471 3166 non
482 3107 774 3181 luitcorpusltomini.
787 3105 907 3180 Expleta
920 3107 1045 3164 esteuim
1062 3147 1085 3208 G
1100 3128 1133 3170 eo
1146 3119 1301 3185 peecatum.
1325 3112 1422 3185 ltaque
1435 3109 1459 3167 si
1478 3119 1506 3167 et
1521 3123 1572 3166 nos
1597 3107 1750 3165 salvatoris
1767 3106 1898 3180 exemplo

247 3199 307 3273 (97)
322 3198 453 3272 eSpiritu
468 3203 565 3256 sancto
575 3213 638 3255 caro
645 3197 771 3268 Domini,
786 3205 817 3255 ut
831 3198 919 3256 intuli
931 3214 1044 3271 corpore
1099 3221 1155 3262 non
1169 3219 1323 3278 peccemus,
1339 3203 1503 3260 damnamus
1515 3208 1669 3274 peccatum.

246 3295 417 3358 nasceretur,
432 3287 513 3362 quale
527 3286 732 3345 luitaldaante
747 3296 889 3360 peccatum
903 3306 910 3356 ;
926 3287 985 3345 sola
998 3297 1045 3346 ta·
1136 3294 1280 3367 (Versu.)
1306 3292 1382 3361 «Qui
1401 3292 1476 3348 enim
1502 3288 1667 3348 secundum
1686 3303 1798 3346 carnem
1820 3295 1896 3356 suut,

245 3392 309 3433 meu
327 3376 578 3435 sententiadataiu
593 3376 682 3434 Adam
699 3375 769 3451 (98).
1099 3399 1160 3458 qum
1184 3383 1352 3441 mmmmm
1374 3379 1530 3454 sepium.»
1564 3380 1623 3436 ltec
1651 3377 1731 3448 dicit,
1755 3377 1821 3452 qnia
1848 3376 1897 3450 qui

280 3465 364 3524 llisso
382 3481 447 3540 ergo
458 3467 531 3524 Deus
546 3467 669 3536 Christo,
692 3491 702 3514 ι
724 3466 763 3523 9ο
778 3473 889 3540 peccato
903 3463 1046 3522 damnavit
1101 3473 1281 3547 squfltliffllb
1296 3489 1357 3547 (1¹¹ae
1371 3471 1493 3528 ⁰ffi⁰i²¹¹¹
1512 3485 1562 3544 Per
1578 3484 1699 3540 “smmi
1715 3467 1898 3541 ⁰b¹0⁰¹P⁰¹⁸²r

245 3561 423 3630 ptoealufflfl
455 3555 509 3613 1100
542 3563 595 3625 etl,
613 3563 760 3629 'peccatum
789 3562 900 3628 peccato
933 3555 1045 3628 proprio
1101 3583 1162 3641 qnae
1186 3565 1277 3623 carnis
1302 3570 1377 3631 sunt,
1395 3562 1478 3635 sapit.
1495 3562 1553 3620 lloc
1572 3560 1704 3618 enimilli
1719 3559 1898 3618 suavevide-

245 3643 399 3702 damnavit.
409 3645 536 3704 Christus
550 3646 624 3703 enim
640 3663 728 3704 cuma
741 3653 852 3720 peccato
862 3645 1043 3719 cmciligitur,
1101 3664 1146 3712 tur
1157 3655 1198 3728 (ι)
1214 3653 1289 3729 quod
1302 3651 1439 3726 sequitur,
1454 3658 1551 3708 contra
1563 3650 1605 3707 las
1616 3656 1748 3724 appetens
1760 3665 1842 3707 usum
1869 3657 1898 3706 et

249 3734 297 3807 qui
309 3741 350 3791 est
366 3735 490 3806 Satanas,
506 3736 632 3810 peccavit
644 3744 788 3810 peccatum
811 3737 840 3792 in
855 3751 937 3793 carne
950 3753 1045 3810 corpo·
1100 3744 1264 3800 sententiam
1279 3741 1380 3799 erroris
1396 3740 1513 3809 carnis;
1535 3740 1565 3796 in
1579 3755 1661 3797 carne
1675 3739 1752 3796 euim
1779 3737 1904 3808 munda,

247 3823 285 3879 ris
301 3823 470 3882 Salvatoris:
487 3841 541 3899 quo
563 3823 636 3883 tacto
649 3824 793 3882 damnavit
805 3826 880 3883 Deus
902 3833 1044 3900 peccatum
1099 3847 1151 3889 nus
1165 3847 1241 3890 error
1253 3832 1379 3905 signatur
1389 3845 1557 3904 quecunque
1570 3843 1606 3886 ex
1615 3835 1702 3902 perte.

246 3909 384 3981 incarne,
406 3910 446 3970 ihi
469 3913 565 3987 utique
579 3913 628 3970 uhi
645 3913 779 3986 peccavit,
795 3913 869 3972 eicut
885 3920 912 3970 et
940 3913 970 3972 iu
991 3915 1045 3972 alia
1130 3947 1152 3974 ..
1165 3920 1219 3990 Qut
1232 3937 1297 3977 vero
1311 3917 1462 3978 secundnm
1478 3917 1617 3991 spiritum,
1643 3933 1675 3974 ea
1687 3931 1748 3990 que
1764 3921 1830 3974 suut
1843 3913 1898 3989 spi·

246 3999 362 4074 epistola
375 4001 431 4059 ait:
456 4002 694 4076 ‹Detriumpbans
720 4002 782 4059 illos
797 4003 827 4058 in
852 4003 912 4076 ipso
928 4003 1043 4076 (Colore.
1099 4009 1179 4080 ritus,
1193 4009 1347 4067 sentiunt,
1374 4006 1553 4066 Manifestum
1576 4013 1630 4074 cst,
1645 4005 1712 4081 quis
1723 4005 1765 4078 (9)
1777 4005 1824 4080 qni
1839 4020 1867 4061 se
1881 4020 1899 4061 a

245 4106 277 4160 n,
293 4091 376 4164 stt·
407 4091 437 4148 id
460 4099 513 4162 est,
536 4092 566 4150 in
596 4090 718 4151 Christo.
733 4091 803 4148 Nam
832 4093 902 4150 solet
927 4093 983 4149 dici
1010 4093 1045 4150 de
1098 4099 1190 4157 carnia
1202 4098 1350 4157 desideriis
1362 4098 1498 4167 continet,
1506 4096 1589 4169 juxta
1608 4097 1696 4168 legem
1712 4094 1814 4152 mentis
1827 4091 1899 4152 vicit

245 4195 409 4256 quocunque
423 4179 573 4240 damnato:
603 4183 635 4238 Iu
649 4198 703 4256 qna
721 4197 803 4238 causa
813 4181 958 4238 damnatus
972 4183 1045 4240 estl
1098 4186 1152 4246 hcc
1165 4187 1239 4245 euim
1254 4187 1297 4244 illi
1311 4186 1380 4243 utile
1394 4186 1506 4244 uidetur
1519 4201 1627 4260 sapere,
1645 4183 1719 4258 quod
1735 4181 1897 4249 conveniat:

245 4271 444 4343 Respondetur,
453 4279 484 4329 ut
495 4281 572 4347 puta,
584 4270 615 4330 in
629 4271 792 4330 homicidio.
805 4273 846 4329 lta
859 4279 887 4329 et
902 4280 1044 4344 peccatum
1099 4277 1162 4350 legi.

244 4358 275 4418 in
297 4376 379 4419 carue
399 4359 560 4422 mutuatum
579 4372 630 4433 eet,
645 4363 699 4422 boc
717 4373 769 4434 est,
784 4361 814 4420 iu
844 4370 956 4436 peccato
970 4361 1043 4434 quod
1136 4367 1227 4439 (Vere.
1242 4363 1297 4436 6.)
1320 4363 1412 4420 «Nam
1429 4362 1578 4437 prudentia
1599 4360 1691 4420 carme
1716 4375 1789 4416 mors
1812 4365 1890 4416 est.»

244 4447 360 4506 admisit
374 4447 404 4506 in
426 4465 519 4509 carne.
544 4451 603 4510 lloc
617 4452 709 4527 itaque
726 4460 838 4526 peccato
865 4467 929 4508 reus
955 4448 1044 4508 tectus
1060 4501 1085 4563 D
1099 4453 1249 4511 Prudentia
1262 4453 1355 4510 caruis
1366 4460 1511 4526 peccatum
1533 4459 1585 4522 est,
1599 4449 1674 4526 quod
1688 4455 1800 4524 generat
1817 4462 1898 4505 mor-

281 4637 340 4712 (99)
356 4637 419 4695 Vct.
445 4635 513 4699 edit.
533 4653 566 4694 ac
576 4653 642 4694 mss.
658 4637 773 4710 aliquot,
789 4635 899 4718 aemulus
926 4636 1042 4710 superio·
1096 4649 1134 4698 eat
1146 4649 1200 4699 eto
1216 4643 1364 4708 detentore,
1379 4648 1444 4711 etc,
1461 4639 1609 4714 legandum
1622 4638 1735 4714 prabet,
1747 4636 1900 4710 presertim

243 4725 306 4766 rum
318 4709 480 4766 aebutium:
508 4709 587 4768 Rom.
606 4708 672 4765 edit.
688 4708 799 4765 camelus
813 4713 959 4781 speratarum
971 4710 1042 4765 ecte·
1096 4715 1167 4786 qood
1182 4713 1294 4786 triplici,
1310 4722 1364 4771 etc.
1791 4733 1792 4736 ¹

246 4780 327 4836 stium
342 4799 353 4847 ;
366 4780 458 4839 ceteri
473 4797 539 4838 mss.
555 4789 587 4838 ut
601 4781 691 4837 noein
703 4787 792 4837 textu.
1134 4785 1175 4858 (9)
1193 4787 1235 4842 lta
1249 4792 1304 4841 vet.
1325 4783 1393 4841 edit.
1416 4800 1450 4841 ac
1470 4783 1563 4856 plures
1576 4797 1643 4839 mss.
1662 4799 1669 4839 :
1695 4781 1774 4840 Rom.
1804 4787 1897 4837 antem

281 4851 340 4934 (97)
355 4851 422 4911 Ccd.
434 4851 550 4926 aliquot,
561 4869 615 4910 oon
628 4852 743 4910 eumdem
756 4851 849 4910 babuit
867 4851 1041 4922 meatuum,
1096 4855 1163 4914 edit.
1179 4873 1242 4914 curn
1256 4855 1322 4912 Gill.
1336 4855 1366 4910 in
1380 4870 1469 4928 marg.
1487 4861 1515 4910 et
1530 4868 1595 4910 mss.
1616 4852 1732 4926 aliquot,
1747 4851 1792 4908 itti
1805 4866 1899 4924 sopore

243 4929 352 4995 expiate
365 4923 549 4990 caterinen.
1096 4929 1200 4984 uidetur
1211 4945 1222 4992 ;
1233 4925 1346 5000 quidam
1359 4925 1441 4982 etiarn
1458 4941 1536 4994 mss,
1547 4926 1591 4981 itta·
1598 4941 1665 4981 cone
1676 4924 1789 4980 videtur.

281 4995 341 5068 (98)
356 4996 467 5054 ltsvet.
490 4994 558 5052 edit.
581 5011 614 5052 ac
635 4995 728 5068 plures
743 5011 808 5052 mes.
826 4995 924 5052 :Rom
950 5004 1041 5054 autern
1135 4999 1255 5072 (illies.
1281 4999 1354 5054 Plor.
1380 5005 1407 5054 et
1422 4997 1528 5066 Corb,
1556 4997 1681 5054 sentiunt.
1710 4995 1746 5052 tlt
1775 4991 1900 5065 suntqus'

243 5065 311 5124 edit.
326 5065 643 5124 solocmmenrentcntic
659 5066 853 5124 totcicddcm
869 5083 875 5122 ι
893 5083 954 5140 qua
982 5084 1041 5126 ver·
1096 5069 1317 5142 concupiscentias
1343 5069 1443 5136 menie,
1470 5085 1561 5126 errore
1588 5067 1706 5136 decmto,
1732 5067 1898 5124 comoneat:

243 5137 280 5195 ha
293 5136 324 5194 in
339 5154 404 5194 mss.
420 5153 476 5195 non
489 5139 584 5211 paucis
596 5137 773 5194 omittuntur.
1096 5142 1143 5213 qui
1165 5143 1293 5198 mnndum
1313 5157 1348 5213 pr
1406 5141 1486 5196 sitem
1503 5139 1612 5212 (Corb,
1626 5138 1810 5211 postpositum,
1826 5136 1901 5194 terte

281 5211 340 5292 (99)
355 5209 418 5268 Vet.
434 5209 500 5268 edit.
518 5226 582 5268 cum
602 5225 667 5267 mss.
684 5208 721 5265 eli
743 5215 802 5276 uot,
817 5211 1042 5285 concupiscentias
1097 5213 1201 5270 mundo
1215 5212 1371 5286 postposito
1397 5217 1420 5266 et
1433 5211 1462 5266 in
1475 5228 1555 5268 corne
1568 5212 1744 5276 ambutantes,
1770 5225 1825 5266 non
1852 5225 1901 5266 se-

244 5298 351 5351 oncmoe,
374 5281 446 5353 quod
473 5281 540 5364 inest
563 5288 709 5355 peccatum.
724 5227 755 5340 gi
769 5281 924 5342 domnotoni
937 5291 1042 5356 ettpec-
1096 5285 1211 5340 cundum
1225 5301 1331 5340 comem
1344 5282 1471 5353 militent,
1495 5290 1519 5339 et
1566 5299 1663 5340 uorum
1676 5281 1764 5354 plotio
1784 5297 1839 5338 non
1865 5297 1902 5362 qn·

243 5361 343 5421 οοιιοο,
354 5352 484 5436 quomedo
497 5353 769 5435 tncstiqllomnotom
782 5361 886 5413 estete
914 5357 1043 5414 Sclocto-
1095 5355 1255 5424 bominibus,
1271 5355 1316 5411 red
1331 5355 1430 5411 ecDeo
1445 5361 1490 5410 cst.
1507 5300 1595 5411 lubia
1609 5369 1672 5435 erqo
1692 5353 1814 5435 operibttt
1838 5367 1902 5433 tpa-

244 5441 284 5492 rc‚
300 5432 325 5482 et
347 5424 459 5498 triplact,
475 5432 528 5481 etc.
542 5443 549 5494 ;
564 5423 632 5482 edit.
648 5425 740 5494 Rom,
758 5443 828 5482 cono.
845 5428 952 5494 anirum,
977 5428 1042 5484 dum
1095 5426 1220 5483 ritualibus
1231 5433 1482 5498 persequentesque
1492 5426 1610 5496 spiritua
1623 5424 1672 5481 Det
1686 5431 1797 5488 aunt,sc
1810 5439 1900 5494 cujus,

243 5495 320 5554 lutat.
340 5497 369 5556 se·
383 5497 539 5554 demnatum
551 5503 622 5556 eat...
643 5497 805 5554 Damnatum
819 5506 855 5556 est
884 5507 908 5558 et
930 5517 948 5555 ο
975 5499 1042 5556 Sol-
1094 5497 1396 5570 preceptitctnbulont,
1423 5497 1541 5570 sapiunt.
1566 5495 1739 5567 Manifestum
1760 5501 1798 5551 est
1822 5493 1902 5566 qut'o,

243 5567 525 5641 coercendaque.
543 5587 550 5638 ;
579 5567 672 5642 plnres
699 5585 765 5626 uero
779 5578 807 5630 et
830 5571 951 5645 potiores
973 5585 1040 5628 mss.
1095 5576 1148 5627 etc.
1164 5568 1218 5626 Sed
1232 5569 1314 5629 Gorb.
1331 5569 1435 5626 ourisso
1451 5567 1537 5626 etiarn
1552 5567 1678 5643 sequenti
1693 5574 1783 5636 textu,
1809 5581 1859 5624 ver

244 5636 390 5700 nobiscum
404 5639 553 5712 uetante
573 5639 676 5718 quibem
695 5639 778 5704 Gorb.
808 5659 859 5718 pro
878 5643 1041 5702 ominatum
1095 5642 1204 5716 sopiunt
1217 5641 1309 5699 statim
1321 5639 1474 5712 connectit,
1490 5642 1562 5703 Natu
1571 5639 1718 5715 praedestin
1727 5635 1829 5709 cumb,
1843 5645 1900 5698 etc.
