<?xml version="1.0" encoding="UTF-8"?>
<!DOCTYPE html PUBLIC "-//W3C//DTD XHTML 1.0 Transitional//EN"
    "http://www.w3.org/TR/xhtml1/DTD/xhtml1-transitional.dtd">
<html xmlns="http://www.w3.org/1999/xhtml" xml:lang="en" lang="en">
 <head>
  <title>
</title>
<meta http-equiv="Content-Type" content="text/html;charset=utf-8" />
  <meta name='ocr-system' content='tesseract 3.04.00' />
  <meta name='ocr-capabilities' content='ocr_page ocr_carea ocr_par ocr_line ocrx_word'/>
</head>
<body>
  <div class='ocr_page' id='page_1' title='image "./patrologiaecurs131migngoog_0498.png"; bbox 0 0 4038 6168; ppageno 0'>
   <div class='ocr_carea' id='block_1_1' title="bbox 105 268 1760 334">
    <p class='ocr_par' dir='ltr' id='par_1_1' title="bbox 105 268 1760 334">
     <span class='ocr_line' id='line_1_1' title="bbox 105 268 1760 334; baseline 0 -1"><span class='ocrx_word' id='word_1_1' title='bbox 105 273 159 333; x_wconf 75' lang='lat'>985</span> <span class='ocrx_word' id='word_1_2' title='bbox 555 268 784 332; x_wconf 80' lang='lat' dir='ltr'><strong>BERENGAUDI</strong></span> <span class='ocrx_word' id='word_1_3' title='bbox 803 269 991 330; x_wconf 75' lang='lat' dir='ltr'>expostulo</span> <span class='ocrx_word' id='word_1_4' title='bbox 1010 272 1045 332; x_wconf 90' lang='lat' dir='ltr'>IN</span> <span class='ocrx_word' id='word_1_5' title='bbox 1063 271 1316 330; x_wconf 81' lang='lat' dir='ltr'>APOCALYPSIN.</span> <span class='ocrx_word' id='word_1_6' title='bbox 1680 323 1683 328; x_wconf 93' lang='lat'><em>.</em></span> <span class='ocrx_word' id='word_1_7' title='bbox 1707 274 1760 334; x_wconf 82' lang='lat' dir='ltr'>tat</span> 
     </span>
    </p>
   </div>
   <div class='ocr_carea' id='block_1_2' title="bbox 99 393 1834 3816">
    <p class='ocr_par' dir='ltr' id='par_1_2' title="bbox 101 393 1764 2269">
     <span class='ocr_line' id='line_1_2' title="bbox 105 393 1760 470; baseline 0.001 -15"><span class='ocrx_word' id='word_1_8' title='bbox 105 397 230 456; x_wconf 89' lang='lat' dir='ltr'>dicemus</span> <span class='ocrx_word' id='word_1_9' title='bbox 246 393 318 469; x_wconf 81' lang='lat'>(38).</span> <span class='ocrx_word' id='word_1_10' title='bbox 334 393 469 452; x_wconf 84' lang='lat' dir='ltr'>Eamdem</span> <span class='ocrx_word' id='word_1_11' title='bbox 486 411 550 468; x_wconf 90' lang='lat' dir='ltr'>ergo</span> <span class='ocrx_word' id='word_1_12' title='bbox 564 394 793 469; x_wconf 85' lang='lat' dir='ltr'>significationem</span> <span class='ocrx_word' id='word_1_13' title='bbox 804 393 908 453; x_wconf 86' lang='lat' dir='ltr'>bahent</span> <span class='ocrx_word' id='word_1_14' title='bbox 921 397 948 458; x_wconf 82' lang='grc' dir='ltr'><strong>Α</strong></span> <span class='ocrx_word' id='word_1_15' title='bbox 961 395 1165 468; x_wconf 81' lang='lat' dir='ltr'>predicandum</span> <span class='ocrx_word' id='word_1_16' title='bbox 1180 395 1373 454; x_wconf 78' lang='lat' dir='ltr'>descendunt?</span> <span class='ocrx_word' id='word_1_17' title='bbox 1386 394 1440 454; x_wconf 88' lang='lat' dir='ltr'>Sed</span> <span class='ocrx_word' id='word_1_18' title='bbox 1454 396 1543 454; x_wconf 88' lang='lat' dir='ltr'>saneti</span> <span class='ocrx_word' id='word_1_19' title='bbox 1566 395 1760 470; x_wconf 78' lang='lat' dir='ltr'>predicatores</span> 
     </span>
     <span class='ocr_line' id='line_1_3' title="bbox 105 484 1760 562; baseline 0 -18"><span class='ocrx_word' id='word_1_20' title='bbox 105 486 154 544; x_wconf 87' lang='lat' dir='ltr'>isti</span> <span class='ocrx_word' id='word_1_21' title='bbox 169 501 252 559; x_wconf 89' lang='lat' dir='ltr'>qnam</span> <span class='ocrx_word' id='word_1_22' title='bbox 273 493 301 542; x_wconf 88' lang='lat' dir='ltr'>et</span> <span class='ocrx_word' id='word_1_23' title='bbox 324 484 385 552; x_wconf 89' lang='lat' dir='ltr'>illi;</span> <span class='ocrx_word' id='word_1_24' title='bbox 410 484 568 559; x_wconf 86' lang='lat' dir='ltr'>significant</span> <span class='ocrx_word' id='word_1_25' title='bbox 592 485 693 558; x_wconf 83' lang='lat' dir='ltr'>quippe</span> <span class='ocrx_word' id='word_1_26' title='bbox 718 484 909 558; x_wconf 80' lang='lat' dir='ltr'>praedicatores</span> <span class='ocrx_word' id='word_1_27' title='bbox 962 487 1041 562; x_wconf 92' lang='lat' dir='ltr'>quasi</span> <span class='ocrx_word' id='word_1_28' title='bbox 1054 487 1089 546; x_wconf 91' lang='lat' dir='ltr'>de</span> <span class='ocrx_word' id='word_1_29' title='bbox 1101 487 1205 546; x_wconf 75' lang='lat' dir='ltr'>coelesti</span> <span class='ocrx_word' id='word_1_30' title='bbox 1220 487 1308 560; x_wconf 86' lang='lat' dir='ltr'>patria</span> <span class='ocrx_word' id='word_1_31' title='bbox 1322 495 1434 557; x_wconf 86' lang='lat' dir='ltr'>exeunt,</span> <span class='ocrx_word' id='word_1_32' title='bbox 1449 504 1513 546; x_wconf 88' lang='lat' dir='ltr'>cum</span> <span class='ocrx_word' id='word_1_33' title='bbox 1528 487 1563 545; x_wconf 90' lang='lat' dir='ltr'>ab</span> <span class='ocrx_word' id='word_1_34' title='bbox 1582 487 1632 546; x_wconf 94' lang='lat' dir='ltr'>illo</span> <span class='ocrx_word' id='word_1_35' title='bbox 1645 487 1760 546; x_wconf 85' lang='lat' dir='ltr'>mittun·</span> 
     </span>
     <span class='ocr_line' id='line_1_4' title="bbox 104 573 1762 651; baseline 0.001 -19"><span class='ocrx_word' id='word_1_36' title='bbox 104 575 155 651; x_wconf 88' lang='lat' dir='ltr'>qui</span> <span class='ocrx_word' id='word_1_37' title='bbox 170 575 285 632; x_wconf 83' lang='lat' dir='ltr'>inerunt</span> <span class='ocrx_word' id='word_1_38' title='bbox 298 573 333 630; x_wconf 91' lang='lat' dir='ltr'>ah</span> <span class='ocrx_word' id='word_1_39' title='bbox 348 573 440 644; x_wconf 92' lang='lat' dir='ltr'>initio,</span> <span class='ocrx_word' id='word_1_40' title='bbox 456 582 483 631; x_wconf 89' lang='lat' dir='ltr'>et</span> <span class='ocrx_word' id='word_1_41' title='bbox 495 583 578 632; x_wconf 90' lang='lat' dir='ltr'>erunt</span> <span class='ocrx_word' id='word_1_42' title='bbox 593 591 679 649; x_wconf 90' lang='lat' dir='ltr'>usqua</span> <span class='ocrx_word' id='word_1_43' title='bbox 701 574 735 632; x_wconf 90' lang='lat' dir='ltr'>ad</span> <span class='ocrx_word' id='word_1_44' title='bbox 746 574 839 632; x_wconf 88' lang='lat' dir='ltr'>linem.</span> <span class='ocrx_word' id='word_1_45' title='bbox 855 575 909 632; x_wconf 89' lang='lat' dir='ltr'>Sed</span> <span class='ocrx_word' id='word_1_46' title='bbox 962 584 1018 646; x_wconf 89' lang='lat' dir='ltr'>tur,</span> <span class='ocrx_word' id='word_1_47' title='bbox 1033 576 1081 649; x_wconf 90' lang='lat' dir='ltr'>qni</span> <span class='ocrx_word' id='word_1_48' title='bbox 1105 585 1147 633; x_wconf 87' lang='lat' dir='ltr'>est</span> <span class='ocrx_word' id='word_1_49' title='bbox 1165 576 1251 649; x_wconf 91' lang='lat' dir='ltr'>gloria</span> <span class='ocrx_word' id='word_1_50' title='bbox 1266 584 1434 645; x_wconf 88' lang='lat' dir='ltr'>sanctorum,</span> <span class='ocrx_word' id='word_1_51' title='bbox 1454 584 1481 633; x_wconf 88' lang='lat' dir='ltr'>et</span> <span class='ocrx_word' id='word_1_52' title='bbox 1502 593 1587 650; x_wconf 89' lang='lat' dir='ltr'>aquo</span> <span class='ocrx_word' id='word_1_53' title='bbox 1602 575 1693 634; x_wconf 89' lang='lat' dir='ltr'>omnis</span> <span class='ocrx_word' id='word_1_54' title='bbox 1706 575 1762 634; x_wconf 89' lang='lat' dir='ltr'>do-</span> 
     </span>
     <span class='ocr_line' id='line_1_5' title="bbox 104 662 1761 739; baseline 0 -16"><span class='ocrx_word' id='word_1_55' title='bbox 104 665 168 724; x_wconf 89' lang='lat' dir='ltr'>ideo</span> <span class='ocrx_word' id='word_1_56' title='bbox 182 663 226 721; x_wconf 89' lang='lat' dir='ltr'>bis</span> <span class='ocrx_word' id='word_1_57' title='bbox 241 670 392 738; x_wconf 90' lang='lat' dir='ltr'>ponuntur,</span> <span class='ocrx_word' id='word_1_58' title='bbox 416 663 481 736; x_wconf 89' lang='lat' dir='ltr'>quia</span> <span class='ocrx_word' id='word_1_59' title='bbox 508 662 581 722; x_wconf 89' lang='lat' dir='ltr'>sicut</span> <span class='ocrx_word' id='word_1_60' title='bbox 594 665 721 738; x_wconf 87' lang='lat' dir='ltr'>superius</span> <span class='ocrx_word' id='word_1_61' title='bbox 734 665 910 722; x_wconf 86' lang='lat' dir='ltr'>demonstra·</span> <span class='ocrx_word' id='word_1_62' title='bbox 962 666 1051 724; x_wconf 81' lang='lat' dir='ltr'><strong>ctrina</strong></span> <span class='ocrx_word' id='word_1_63' title='bbox 1064 681 1159 723; x_wconf 90' lang='lat' dir='ltr'>eorum</span> <span class='ocrx_word' id='word_1_64' title='bbox 1174 667 1306 739; x_wconf 83' lang='lat' dir='ltr'>procedit.</span> <span class='ocrx_word' id='word_1_65' title='bbox 1324 666 1377 734; x_wconf 83' lang='lat' dir='ltr'>Qui</span> <span class='ocrx_word' id='word_1_66' title='bbox 1392 674 1495 738; x_wconf 88' lang='lat' dir='ltr'>septem</span> <span class='ocrx_word' id='word_1_67' title='bbox 1519 667 1611 739; x_wconf 79' lang='lat' dir='ltr'>plagas</span> <span class='ocrx_word' id='word_1_68' title='bbox 1634 665 1761 724; x_wconf 85' lang='lat' dir='ltr'>habuisse</span> 
     </span>
     <span class='ocr_line' id='line_1_6' title="bbox 104 751 1761 831; baseline 0.002 -20"><span class='ocrx_word' id='word_1_69' title='bbox 104 755 209 822; x_wconf 89' lang='lat' dir='ltr'>vimus,</span> <span class='ocrx_word' id='word_1_70' title='bbox 221 769 254 810; x_wconf 90' lang='lat' dir='ltr'>ea</span> <span class='ocrx_word' id='word_1_71' title='bbox 266 769 326 827; x_wconf 77' lang='lat' dir='ltr'>qun</span> <span class='ocrx_word' id='word_1_72' title='bbox 337 751 389 810; x_wconf 89' lang='lat' dir='ltr'>suh</span> <span class='ocrx_word' id='word_1_73' title='bbox 401 760 485 810; x_wconf 88' lang='lat' dir='ltr'>cantu</span> <span class='ocrx_word' id='word_1_74' title='bbox 495 753 568 810; x_wconf 79' lang='lat' dir='ltr'>tubas</span> <span class='ocrx_word' id='word_1_75' title='bbox 578 754 662 828; x_wconf 91' lang='lat' dir='ltr'>primi</span> <span class='ocrx_word' id='word_1_76' title='bbox 673 754 774 827; x_wconf 88' lang='lat' dir='ltr'>angeli,</span> <span class='ocrx_word' id='word_1_77' title='bbox 783 753 907 824; x_wconf 90' lang='lat' dir='ltr'>secundi,</span> <span class='ocrx_word' id='word_1_78' title='bbox 963 754 1111 814; x_wconf 89' lang='lat' dir='ltr'>dicuntur:</span> <span class='ocrx_word' id='word_1_79' title='bbox 1137 766 1164 814; x_wconf 90' lang='lat' dir='ltr'>ct</span> <span class='ocrx_word' id='word_1_80' title='bbox 1178 758 1304 830; x_wconf 87' lang='lat' dir='ltr'>superius</span> <span class='ocrx_word' id='word_1_81' title='bbox 1324 764 1426 831; x_wconf 90' lang='lat' dir='ltr'>septem</span> <span class='ocrx_word' id='word_1_82' title='bbox 1444 757 1537 830; x_wconf 84' lang='lat' dir='ltr'>plagas</span> <span class='ocrx_word' id='word_1_83' title='bbox 1551 757 1678 815; x_wconf 85' lang='lat' dir='ltr'>habuisse</span> <span class='ocrx_word' id='word_1_84' title='bbox 1692 755 1761 814; x_wconf 91' lang='lat' dir='ltr'>dicti</span> 
     </span>
     <span class='ocr_line' id='line_1_7' title="bbox 104 842 1761 923; baseline 0.002 -23"><span class='ocrx_word' id='word_1_85' title='bbox 104 844 194 914; x_wconf 89' lang='lat' dir='ltr'>tertii,</span> <span class='ocrx_word' id='word_1_86' title='bbox 214 850 297 917; x_wconf 89' lang='lat' dir='ltr'>atque</span> <span class='ocrx_word' id='word_1_87' title='bbox 312 842 404 917; x_wconf 90' lang='lat' dir='ltr'>quarti</span> <span class='ocrx_word' id='word_1_88' title='bbox 427 850 502 914; x_wconf 90' lang='lat' dir='ltr'>gesta</span> <span class='ocrx_word' id='word_1_89' title='bbox 521 842 607 901; x_wconf 86' lang='lat' dir='ltr'>luisse</span> <span class='ocrx_word' id='word_1_90' title='bbox 625 844 685 900; x_wconf 86' lang='lat' dir='ltr'>visa</span> <span class='ocrx_word' id='word_1_91' title='bbox 701 851 777 913; x_wconf 92' lang='lat' dir='ltr'>sunt,</span> <span class='ocrx_word' id='word_1_92' title='bbox 793 843 825 900; x_wconf 90' lang='lat' dir='ltr'>ad</span> <span class='ocrx_word' id='word_1_93' title='bbox 848 843 910 900; x_wconf 93' lang='lat' dir='ltr'>ele-</span> <span class='ocrx_word' id='word_1_94' title='bbox 963 854 1037 917; x_wconf 91' lang='lat' dir='ltr'>sunt,</span> <span class='ocrx_word' id='word_1_95' title='bbox 1054 864 1085 904; x_wconf 88' lang='lat' dir='ltr'>oo</span> <span class='ocrx_word' id='word_1_96' title='bbox 1103 849 1176 923; x_wconf 93' lang='lat' dir='ltr'>quod</span> <span class='ocrx_word' id='word_1_97' title='bbox 1199 848 1229 905; x_wconf 92' lang='lat' dir='ltr'>in</span> <span class='ocrx_word' id='word_1_98' title='bbox 1252 847 1309 904; x_wconf 92' lang='lat' dir='ltr'>illis</span> <span class='ocrx_word' id='word_1_99' title='bbox 1327 855 1517 906; x_wconf 87' lang='lat' dir='ltr'>consummata</span> <span class='ocrx_word' id='word_1_100' title='bbox 1536 846 1572 905; x_wconf 90' lang='lat' dir='ltr'>sit</span> <span class='ocrx_word' id='word_1_101' title='bbox 1593 847 1634 904; x_wconf 89' lang='lat' dir='ltr'>ira</span> <span class='ocrx_word' id='word_1_102' title='bbox 1647 846 1708 904; x_wconf 86' lang='lat' dir='ltr'>Dei.</span> <span class='ocrx_word' id='word_1_103' title='bbox 1731 845 1761 904; x_wconf 92' lang='lat' dir='ltr'>Si</span> 
     </span>
     <span class='ocr_line' id='line_1_8' title="bbox 103 934 1760 1010; baseline -0.001 -15"><span class='ocrx_word' id='word_1_104' title='bbox 103 945 166 995; x_wconf 91' lang='lat' dir='ltr'>ctos</span> <span class='ocrx_word' id='word_1_105' title='bbox 179 934 330 1009; x_wconf 76' lang='lat' dir='ltr'>pertinent.</span> <span class='ocrx_word' id='word_1_106' title='bbox 347 935 433 991; x_wconf 92' lang='lat' dir='ltr'>Porro</span> <span class='ocrx_word' id='word_1_107' title='bbox 462 950 522 1007; x_wconf 78' lang='lat' dir='ltr'>quae</span> <span class='ocrx_word' id='word_1_108' title='bbox 544 934 595 992; x_wconf 90' lang='lat' dir='ltr'>sub</span> <span class='ocrx_word' id='word_1_109' title='bbox 619 945 703 994; x_wconf 89' lang='lat' dir='ltr'>cantu</span> <span class='ocrx_word' id='word_1_110' title='bbox 717 934 790 993; x_wconf 78' lang='lat' dir='ltr'>tuba</span> <span class='ocrx_word' id='word_1_111' title='bbox 807 934 908 1008; x_wconf 87' lang='lat' dir='ltr'>quinti,</span> <span class='ocrx_word' id='word_1_112' title='bbox 963 945 1065 1008; x_wconf 84' lang='lat' dir='ltr'>septem</span> <span class='ocrx_word' id='word_1_113' title='bbox 1087 938 1179 1010; x_wconf 77' lang='lat' dir='ltr'>plagas</span> <span class='ocrx_word' id='word_1_114' title='bbox 1201 937 1350 995; x_wconf 80' lang='lat' dir='ltr'>iracundiae</span> <span class='ocrx_word' id='word_1_115' title='bbox 1370 937 1420 994; x_wconf 87' lang='lat' dir='ltr'>Dei</span> <span class='ocrx_word' id='word_1_116' title='bbox 1440 936 1607 1006; x_wconf 89' lang='lat' dir='ltr'>hahuerunt,</span> <span class='ocrx_word' id='word_1_117' title='bbox 1622 935 1760 1010; x_wconf 91' lang='lat' dir='ltr'>quomodo</span> 
     </span>
     <span class='ocr_line' id='line_1_9' title="bbox 103 1023 1760 1098; baseline -0.001 -16"><span class='ocrx_word' id='word_1_118' title='bbox 103 1025 189 1094; x_wconf 85' lang='lat' dir='ltr'>sexti,</span> <span class='ocrx_word' id='word_1_119' title='bbox 206 1033 289 1097; x_wconf 90' lang='lat' dir='ltr'>atque</span> <span class='ocrx_word' id='word_1_120' title='bbox 307 1023 419 1098; x_wconf 80' lang='lat' dir='ltr'>septimi</span> <span class='ocrx_word' id='word_1_121' title='bbox 433 1023 523 1096; x_wconf 79' lang='lat' dir='ltr'>angeli</span> <span class='ocrx_word' id='word_1_122' title='bbox 539 1025 611 1082; x_wconf 85' lang='lat' dir='ltr'>lacta</span> <span class='ocrx_word' id='word_1_123' title='bbox 631 1025 716 1082; x_wconf 87' lang='lat' dir='ltr'>luisse</span> <span class='ocrx_word' id='word_1_124' title='bbox 740 1023 907 1093; x_wconf 83' lang='lat' dir='ltr'>referuntur,</span> <span class='ocrx_word' id='word_1_125' title='bbox 963 1026 1050 1082; x_wconf 79' lang='lat' dir='ltr'>salicti</span> <span class='ocrx_word' id='word_1_126' title='bbox 1065 1025 1132 1083; x_wconf 88' lang='lat' dir='ltr'>lacti</span> <span class='ocrx_word' id='word_1_127' title='bbox 1145 1025 1258 1083; x_wconf 87' lang='lat' dir='ltr'>fuerunt</span> <span class='ocrx_word' id='word_1_128' title='bbox 1272 1027 1286 1083; x_wconf 85' lang='lat' dir='ltr'>‘l</span> <span class='ocrx_word' id='word_1_129' title='bbox 1299 1027 1352 1084; x_wconf 88' lang='lat' dir='ltr'>Sed</span> <span class='ocrx_word' id='word_1_130' title='bbox 1366 1025 1524 1084; x_wconf 88' lang='lat' dir='ltr'>hahuerunt</span> <span class='ocrx_word' id='word_1_131' title='bbox 1538 1024 1626 1083; x_wconf 89' lang='lat' dir='ltr'>sancti</span> <span class='ocrx_word' id='word_1_132' title='bbox 1639 1023 1689 1082; x_wconf 86' lang='lat' dir='ltr'>Ilei</span> <span class='ocrx_word' id='word_1_133' title='bbox 1704 1024 1760 1097; x_wconf 88' lang='lat' dir='ltr'>pla·</span> 
     </span>
     <span class='ocr_line' id='line_1_10' title="bbox 103 1111 1758 1189; baseline 0 -19"><span class='ocrx_word' id='word_1_134' title='bbox 103 1113 210 1189; x_wconf 89' lang='lat' dir='ltr'>quibus</span> <span class='ocrx_word' id='word_1_135' title='bbox 224 1121 251 1170; x_wconf 85' lang='lat' dir='ltr'>et</span> <span class='ocrx_word' id='word_1_136' title='bbox 266 1111 319 1169; x_wconf 91' lang='lat' dir='ltr'>tria</span> <span class='ocrx_word' id='word_1_137' title='bbox 333 1128 374 1168; x_wconf 87' lang='lat' dir='ltr'>vae</span> <span class='ocrx_word' id='word_1_138' title='bbox 397 1111 614 1185; x_wconf 89' lang='lat' dir='ltr'>conjunguntur,</span> <span class='ocrx_word' id='word_1_139' title='bbox 644 1113 673 1169; x_wconf 91' lang='lat' dir='ltr'>in</span> <span class='ocrx_word' id='word_1_140' title='bbox 693 1111 794 1186; x_wconf 90' lang='lat' dir='ltr'>quihus</span> <span class='ocrx_word' id='word_1_141' title='bbox 814 1127 910 1186; x_wconf 84' lang='lat' dir='ltr'>perse-</span> <span class='ocrx_word' id='word_1_142' title='bbox 964 1129 1009 1186; x_wconf 90' lang='lat' dir='ltr'>gas</span> <span class='ocrx_word' id='word_1_143' title='bbox 1035 1121 1138 1188; x_wconf 87' lang='lat' dir='ltr'>septem</span> <span class='ocrx_word' id='word_1_144' title='bbox 1161 1115 1190 1170; x_wconf 92' lang='lat' dir='ltr'>in</span> <span class='ocrx_word' id='word_1_145' title='bbox 1205 1121 1377 1187; x_wconf 84' lang='lat' dir='ltr'>potestatem,</span> <span class='ocrx_word' id='word_1_146' title='bbox 1403 1130 1459 1171; x_wconf 92' lang='lat' dir='ltr'>non</span> <span class='ocrx_word' id='word_1_147' title='bbox 1482 1114 1512 1171; x_wconf 91' lang='lat' dir='ltr'>in</span> <span class='ocrx_word' id='word_1_148' title='bbox 1535 1129 1643 1186; x_wconf 86' lang='lat' dir='ltr'>poenam</span> <span class='ocrx_word' id='word_1_149' title='bbox 1664 1127 1758 1182; x_wconf 88' lang='lat' dir='ltr'>snam;</span> 
     </span>
     <span class='ocr_line' id='line_1_11' title="bbox 102 1200 1761 1277; baseline -0.002 -15"><span class='ocrx_word' id='word_1_150' title='bbox 102 1203 232 1262; x_wconf 91' lang='lat' dir='ltr'>cntiones</span> <span class='ocrx_word' id='word_1_151' title='bbox 254 1201 396 1272; x_wconf 80' lang='lat' dir='ltr'>Ecclesiae,</span> <span class='ocrx_word' id='word_1_152' title='bbox 423 1218 492 1276; x_wconf 87' lang='lat' dir='ltr'>quas</span> <span class='ocrx_word' id='word_1_153' title='bbox 506 1201 541 1258; x_wconf 90' lang='lat' dir='ltr'>ab</span> <span class='ocrx_word' id='word_1_154' title='bbox 565 1202 702 1260; x_wconf 79' lang='lat' dir='ltr'>haereticis</span> <span class='ocrx_word' id='word_1_155' title='bbox 720 1211 777 1260; x_wconf 89' lang='lat' dir='ltr'>eta</span> <span class='ocrx_word' id='word_1_156' title='bbox 797 1200 910 1276; x_wconf 84' lang='lat' dir='ltr'>paganis</span> <span class='ocrx_word' id='word_1_157' title='bbox 963 1201 1099 1260; x_wconf 84' lang='lat' dir='ltr'>Dominus</span> <span class='ocrx_word' id='word_1_158' title='bbox 1114 1219 1231 1277; x_wconf 86' lang='lat' dir='ltr'>namque</span> <span class='ocrx_word' id='word_1_159' title='bbox 1250 1203 1319 1260; x_wconf 90' lang='lat' dir='ltr'>dicit</span> <span class='ocrx_word' id='word_1_160' title='bbox 1339 1204 1369 1258; x_wconf 93' lang='lat' dir='ltr'>in</span> <span class='ocrx_word' id='word_1_161' title='bbox 1384 1203 1552 1275; x_wconf 84' lang='lat' dir='ltr'>Evangelio:</span> <span class='ocrx_word' id='word_1_162' title='bbox 1574 1203 1629 1259; x_wconf 78' lang='lat' dir='ltr'>«ln</span> <span class='ocrx_word' id='word_1_163' title='bbox 1645 1215 1761 1274; x_wconf 89' lang='lat' dir='ltr'>regene-</span> 
     </span>
     <span class='ocr_line' id='line_1_12' title="bbox 103 1289 1762 1367; baseline -0.002 -17"><span class='ocrx_word' id='word_1_164' title='bbox 103 1301 247 1367; x_wconf 84' lang='lat' dir='ltr'>passaest,</span> <span class='ocrx_word' id='word_1_165' title='bbox 262 1298 289 1348; x_wconf 90' lang='lat' dir='ltr'>et</span> <span class='ocrx_word' id='word_1_166' title='bbox 310 1290 345 1348; x_wconf 92' lang='lat' dir='ltr'>ab</span> <span class='ocrx_word' id='word_1_167' title='bbox 358 1289 533 1348; x_wconf 82' lang='lat' dir='ltr'>Antichristo</span> <span class='ocrx_word' id='word_1_168' title='bbox 546 1291 576 1346; x_wconf 92' lang='lat' dir='ltr'>in</span> <span class='ocrx_word' id='word_1_169' title='bbox 596 1291 651 1348; x_wconf 88' lang='lat' dir='ltr'>line</span> <span class='ocrx_word' id='word_1_170' title='bbox 675 1290 773 1347; x_wconf 91' lang='lat' dir='ltr'>mundi</span> <span class='ocrx_word' id='word_1_171' title='bbox 797 1305 910 1364; x_wconf 88' lang='lat' dir='ltr'>passura</span> <span class='ocrx_word' id='word_1_172' title='bbox 964 1291 1069 1348; x_wconf 88' lang='lat' dir='ltr'>ratione</span> <span class='ocrx_word' id='word_1_173' title='bbox 1092 1307 1155 1349; x_wconf 91' lang='lat' dir='ltr'>cum</span> <span class='ocrx_word' id='word_1_174' title='bbox 1175 1292 1276 1350; x_wconf 90' lang='lat' dir='ltr'>sederit</span> <span class='ocrx_word' id='word_1_175' title='bbox 1290 1291 1378 1349; x_wconf 80' lang='lat' dir='ltr'>Filius</span> <span class='ocrx_word' id='word_1_176' title='bbox 1397 1290 1520 1348; x_wconf 90' lang='lat' dir='ltr'>hominis</span> <span class='ocrx_word' id='word_1_177' title='bbox 1536 1290 1566 1346; x_wconf 92' lang='lat' dir='ltr'>in</span> <span class='ocrx_word' id='word_1_178' title='bbox 1581 1289 1644 1347; x_wconf 90' lang='lat' dir='ltr'>sede</span> <span class='ocrx_word' id='word_1_179' title='bbox 1658 1289 1762 1363; x_wconf 87' lang='lat' dir='ltr'>majes-</span> 
     </span>
     <span class='ocr_line' id='line_1_13' title="bbox 103 1379 1760 1455; baseline -0.002 -16"><span class='ocrx_word' id='word_1_180' title='bbox 103 1390 156 1452; x_wconf 89' lang='lat' dir='ltr'>est,</span> <span class='ocrx_word' id='word_1_181' title='bbox 185 1380 394 1447; x_wconf 88' lang='lat' dir='ltr'>describuntur,</span> <span class='ocrx_word' id='word_1_182' title='bbox 419 1396 454 1436; x_wconf 84' lang='lat' dir='ltr'>ex</span> <span class='ocrx_word' id='word_1_183' title='bbox 478 1395 533 1437; x_wconf 85' lang='lat' dir='ltr'>una</span> <span class='ocrx_word' id='word_1_184' title='bbox 550 1389 627 1454; x_wconf 88' lang='lat' dir='ltr'>parte</span> <span class='ocrx_word' id='word_1_185' title='bbox 649 1379 683 1438; x_wconf 88' lang='lat' dir='ltr'>ad</span> <span class='ocrx_word' id='word_1_186' title='bbox 708 1379 849 1453; x_wconf 90' lang='lat' dir='ltr'>reprobos,</span> <span class='ocrx_word' id='word_1_187' title='bbox 874 1395 910 1435; x_wconf 80' lang='lat' dir='ltr'>ex</span> <span class='ocrx_word' id='word_1_188' title='bbox 964 1382 1028 1438; x_wconf 87' lang='lat' dir='ltr'>tatis</span> <span class='ocrx_word' id='word_1_189' title='bbox 1041 1398 1106 1452; x_wconf 82' lang='lat' dir='ltr'>suas,</span> <span class='ocrx_word' id='word_1_190' title='bbox 1132 1380 1262 1438; x_wconf 89' lang='lat' dir='ltr'>sedebitis</span> <span class='ocrx_word' id='word_1_191' title='bbox 1285 1390 1312 1438; x_wconf 92' lang='lat' dir='ltr'>et</span> <span class='ocrx_word' id='word_1_192' title='bbox 1326 1398 1376 1438; x_wconf 86' lang='lat' dir='ltr'>vos</span> <span class='ocrx_word' id='word_1_193' title='bbox 1399 1397 1481 1455; x_wconf 89' lang='lat' dir='ltr'>super</span> <span class='ocrx_word' id='word_1_194' title='bbox 1505 1381 1582 1438; x_wconf 88' lang='lat' dir='ltr'>sedes</span> <span class='ocrx_word' id='word_1_195' title='bbox 1603 1379 1760 1450; x_wconf 89' lang='lat' dir='ltr'>duodecim,</span> 
     </span>
     <span class='ocr_line' id='line_1_14' title="bbox 103 1468 1760 1545; baseline -0.001 -17"><span class='ocrx_word' id='word_1_196' title='bbox 103 1470 240 1528; x_wconf 86' lang='lat' dir='ltr'>alteraad</span> <span class='ocrx_word' id='word_1_197' title='bbox 265 1470 366 1526; x_wconf 90' lang='lat' dir='ltr'>electos</span> <span class='ocrx_word' id='word_1_198' title='bbox 394 1468 557 1542; x_wconf 75' lang='lat' dir='ltr'>pertinent,</span> <span class='ocrx_word' id='word_1_199' title='bbox 583 1469 649 1545; x_wconf 88' lang='lat' dir='ltr'>quio</span> <span class='ocrx_word' id='word_1_200' title='bbox 674 1468 754 1542; x_wconf 90' lang='lat' dir='ltr'>impii</span> <span class='ocrx_word' id='word_1_201' title='bbox 777 1485 811 1526; x_wconf 87' lang='lat' dir='ltr'>ax</span> <span class='ocrx_word' id='word_1_202' title='bbox 836 1470 909 1526; x_wconf 92' lang='lat' dir='ltr'>malo</span> <span class='ocrx_word' id='word_1_203' title='bbox 960 1470 1117 1544; x_wconf 86' lang='lat' dir='ltr'>judicantes</span> <span class='ocrx_word' id='word_1_204' title='bbox 1145 1469 1291 1528; x_wconf 89' lang='lat' dir='ltr'>duodecim</span> <span class='ocrx_word' id='word_1_205' title='bbox 1326 1471 1415 1529; x_wconf 88' lang='lat' dir='ltr'>tribus</span> <span class='ocrx_word' id='word_1_206' title='bbox 1445 1471 1528 1528; x_wconf 88' lang='lat' dir='ltr'>lsrael</span> <span class='ocrx_word' id='word_1_207' title='bbox 1564 1469 1671 1543; x_wconf 81' lang='lat' dir='ltr'>(Metti.</span> <span class='ocrx_word' id='word_1_208' title='bbox 1700 1486 1760 1540; x_wconf 82' lang='lat' dir='ltr'>xix,</span> 
     </span>
     <span class='ocr_line' id='line_1_15' title="bbox 103 1557 1762 1634; baseline -0.001 -16"><span class='ocrx_word' id='word_1_209' title='bbox 103 1559 180 1634; x_wconf 91' lang='lat' dir='ltr'>qnod</span> <span class='ocrx_word' id='word_1_210' title='bbox 195 1557 250 1633; x_wconf 92' lang='lat' dir='ltr'>piis</span> <span class='ocrx_word' id='word_1_211' title='bbox 263 1557 404 1632; x_wconf 89' lang='lat' dir='ltr'>ingerunt,</span> <span class='ocrx_word' id='word_1_212' title='bbox 429 1574 538 1631; x_wconf 73' lang='lat' dir='ltr'>paenam</span> <span class='ocrx_word' id='word_1_213' title='bbox 554 1565 731 1632; x_wconf 87' lang='lat' dir='ltr'>perpetuam:</span> <span class='ocrx_word' id='word_1_214' title='bbox 756 1558 826 1632; x_wconf 90' lang='lat' dir='ltr'>justi</span> <span class='ocrx_word' id='word_1_215' title='bbox 843 1575 909 1616; x_wconf 79' lang='lat' dir='ltr'>vero</span> <span class='ocrx_word' id='word_1_216' title='bbox 964 1559 1021 1631; x_wconf 66' lang='lat'><strong>28).</strong></span> <span class='ocrx_word' id='word_1_217' title='bbox 1039 1585 1048 1610; x_wconf 79' lang='grc' dir='ltr'><strong>ι</strong></span> <span class='ocrx_word' id='word_1_218' title='bbox 1077 1561 1129 1616; x_wconf 89' lang='lat' dir='ltr'>Per</span> <span class='ocrx_word' id='word_1_219' title='bbox 1144 1569 1247 1634; x_wconf 89' lang='lat' dir='ltr'>septem</span> <span class='ocrx_word' id='word_1_220' title='bbox 1261 1568 1352 1618; x_wconf 88' lang='lat' dir='ltr'>autem</span> <span class='ocrx_word' id='word_1_221' title='bbox 1375 1561 1467 1634; x_wconf 89' lang='lat' dir='ltr'>plagas</span> <span class='ocrx_word' id='word_1_222' title='bbox 1480 1567 1583 1633; x_wconf 88' lang='lat' dir='ltr'>septem</span> <span class='ocrx_word' id='word_1_223' title='bbox 1598 1558 1667 1614; x_wconf 88' lang='lat' dir='ltr'>vitia</span> <span class='ocrx_word' id='word_1_224' title='bbox 1680 1558 1762 1632; x_wconf 90' lang='lat' dir='ltr'>priu-</span> 
     </span>
     <span class='ocr_line' id='line_1_16' title="bbox 102 1647 1761 1722; baseline -0.001 -16"><span class='ocrx_word' id='word_1_225' title='bbox 102 1666 140 1706; x_wconf 81' lang='lat' dir='ltr'>ex</span> <span class='ocrx_word' id='word_1_226' title='bbox 154 1649 228 1706; x_wconf 88' lang='lat' dir='ltr'>malo</span> <span class='ocrx_word' id='word_1_227' title='bbox 248 1647 323 1722; x_wconf 90' lang='lat' dir='ltr'>qnod</span> <span class='ocrx_word' id='word_1_228' title='bbox 338 1647 491 1721; x_wconf 87' lang='lat' dir='ltr'>perierunt,</span> <span class='ocrx_word' id='word_1_229' title='bbox 507 1648 622 1722; x_wconf 87' lang='lat' dir='ltr'>gloriam</span> <span class='ocrx_word' id='word_1_230' title='bbox 644 1647 840 1721; x_wconf 90' lang='lat' dir='ltr'>sempiternam</span> <span class='ocrx_word' id='word_1_231' title='bbox 855 1649 909 1706; x_wconf 89' lang='lat' dir='ltr'>sihi</span> <span class='ocrx_word' id='word_1_232' title='bbox 963 1649 1072 1722; x_wconf 90' lang='lat' dir='ltr'>cipalia,</span> <span class='ocrx_word' id='word_1_233' title='bbox 1095 1666 1129 1705; x_wconf 83' lang='lat' dir='ltr'>ox</span> <span class='ocrx_word' id='word_1_234' title='bbox 1144 1650 1245 1722; x_wconf 89' lang='lat' dir='ltr'>quihus</span> <span class='ocrx_word' id='word_1_235' title='bbox 1260 1650 1353 1706; x_wconf 89' lang='lat' dir='ltr'>omnia</span> <span class='ocrx_word' id='word_1_236' title='bbox 1376 1650 1448 1706; x_wconf 87' lang='lat' dir='ltr'>mala</span> <span class='ocrx_word' id='word_1_237' title='bbox 1465 1648 1602 1719; x_wconf 90' lang='lat' dir='ltr'>oriuntur,</span> <span class='ocrx_word' id='word_1_238' title='bbox 1619 1648 1761 1722; x_wconf 84' lang='lat' dir='ltr'>designan-</span> 
     </span>
     <span class='ocr_line' id='line_1_17' title="bbox 103 1735 1763 1829; baseline 0 -33"><span class='ocrx_word' id='word_1_239' title='bbox 103 1738 263 1812; x_wconf 89' lang='lat' dir='ltr'>acquirnnt.</span> <span class='ocrx_word' id='word_1_240' title='bbox 279 1735 379 1794; x_wconf 88' lang='lat' dir='ltr'>Omnia</span> <span class='ocrx_word' id='word_1_241' title='bbox 393 1736 486 1810; x_wconf 90' lang='lat' dir='ltr'>itaque</span> <span class='ocrx_word' id='word_1_242' title='bbox 502 1754 562 1811; x_wconf 82' lang='lat' dir='ltr'>quas</span> <span class='ocrx_word' id='word_1_243' title='bbox 582 1737 633 1794; x_wconf 90' lang='lat' dir='ltr'>suh</span> <span class='ocrx_word' id='word_1_244' title='bbox 651 1738 786 1796; x_wconf 89' lang='lat' dir='ltr'>allusione</span> <span class='ocrx_word' id='word_1_245' title='bbox 796 1738 909 1812; x_wconf 89' lang='lat' dir='ltr'>phiala·</span> <span class='ocrx_word' id='word_1_246' title='bbox 924 1768 947 1829; x_wconf 79' lang='lat' dir='ltr'>B</span> <span class='ocrx_word' id='word_1_247' title='bbox 964 1749 1018 1799; x_wconf 88' lang='lat' dir='ltr'>tur.</span> <span class='ocrx_word' id='word_1_248' title='bbox 1044 1741 1154 1815; x_wconf 88' lang='lat' dir='ltr'>Septem</span> <span class='ocrx_word' id='word_1_249' title='bbox 1178 1741 1264 1816; x_wconf 85' lang='lat' dir='ltr'>igitur</span> <span class='ocrx_word' id='word_1_250' title='bbox 1287 1740 1379 1816; x_wconf 86' lang='lat' dir='ltr'>plagas</span> <span class='ocrx_word' id='word_1_251' title='bbox 1396 1747 1500 1813; x_wconf 90' lang='lat' dir='ltr'>septem</span> <span class='ocrx_word' id='word_1_252' title='bbox 1519 1740 1609 1814; x_wconf 86' lang='lat' dir='ltr'>angeli</span> <span class='ocrx_word' id='word_1_253' title='bbox 1634 1739 1763 1796; x_wconf 88' lang='lat' dir='ltr'>hahuisse</span> 
     </span>
     <span class='ocr_line' id='line_1_18' title="bbox 102 1830 1762 1910; baseline -0.002 -18"><span class='ocrx_word' id='word_1_254' title='bbox 102 1853 168 1892; x_wconf 89' lang='lat' dir='ltr'>rum</span> <span class='ocrx_word' id='word_1_255' title='bbox 192 1843 297 1908; x_wconf 88' lang='lat' dir='ltr'>septem</span> <span class='ocrx_word' id='word_1_256' title='bbox 322 1834 483 1908; x_wconf 86' lang='lat' dir='ltr'>angelorum</span> <span class='ocrx_word' id='word_1_257' title='bbox 497 1832 706 1904; x_wconf 88' lang='lat' dir='ltr'>describuntur,</span> <span class='ocrx_word' id='word_1_258' title='bbox 723 1835 758 1894; x_wconf 91' lang='lat' dir='ltr'>ad</span> <span class='ocrx_word' id='word_1_259' title='bbox 780 1834 910 1908; x_wconf 91' lang='lat' dir='ltr'>reprobos</span> <span class='ocrx_word' id='word_1_260' title='bbox 964 1836 1017 1893; x_wconf 83' lang='lat' dir='ltr'>visi</span> <span class='ocrx_word' id='word_1_261' title='bbox 1032 1845 1116 1906; x_wconf 88' lang='lat' dir='ltr'>snut;</span> <span class='ocrx_word' id='word_1_262' title='bbox 1140 1836 1206 1910; x_wconf 90' lang='lat' dir='ltr'>quia</span> <span class='ocrx_word' id='word_1_263' title='bbox 1226 1834 1418 1910; x_wconf 80' lang='lat' dir='ltr'>predicatores</span> <span class='ocrx_word' id='word_1_264' title='bbox 1433 1834 1520 1892; x_wconf 90' lang='lat' dir='ltr'>sancti</span> <span class='ocrx_word' id='word_1_265' title='bbox 1543 1835 1573 1890; x_wconf 92' lang='lat' dir='ltr'>in</span> <span class='ocrx_word' id='word_1_266' title='bbox 1596 1833 1641 1890; x_wconf 90' lang='lat' dir='ltr'>die</span> <span class='ocrx_word' id='word_1_267' title='bbox 1661 1830 1762 1905; x_wconf 89' lang='lat' dir='ltr'>judicii</span> 
     </span>
     <span class='ocr_line' id='line_1_19' title="bbox 101 1921 1764 1999; baseline 0 -21"><span class='ocrx_word' id='word_1_268' title='bbox 101 1922 266 1994; x_wconf 89' lang='lat' dir='ltr'>portinent;</span> <span class='ocrx_word' id='word_1_269' title='bbox 282 1921 398 1980; x_wconf 87' lang='lat' dir='ltr'>undeet</span> <span class='ocrx_word' id='word_1_270' title='bbox 420 1923 506 1996; x_wconf 90' lang='lat' dir='ltr'>primi</span> <span class='ocrx_word' id='word_1_271' title='bbox 534 1922 621 1990; x_wconf 88' lang='lat' dir='ltr'>tubis,</span> <span class='ocrx_word' id='word_1_272' title='bbox 646 1923 746 1997; x_wconf 88' lang='lat' dir='ltr'>quibus</span> <span class='ocrx_word' id='word_1_273' title='bbox 772 1925 910 1982; x_wconf 82' lang='lat' dir='ltr'>exercitus</span> <span class='ocrx_word' id='word_1_274' title='bbox 964 1934 1068 1998; x_wconf 83' lang='lat' dir='ltr'>septem</span> <span class='ocrx_word' id='word_1_275' title='bbox 1084 1925 1154 1983; x_wconf 85' lang='lat' dir='ltr'>vitia</span> <span class='ocrx_word' id='word_1_276' title='bbox 1177 1925 1352 1999; x_wconf 88' lang='lat' dir='ltr'>principalia,</span> <span class='ocrx_word' id='word_1_277' title='bbox 1375 1925 1404 1982; x_wconf 91' lang='lat' dir='ltr'>id</span> <span class='ocrx_word' id='word_1_278' title='bbox 1426 1933 1478 1996; x_wconf 87' lang='lat' dir='ltr'>est,</span> <span class='ocrx_word' id='word_1_279' title='bbox 1499 1939 1595 1982; x_wconf 90' lang='lat' dir='ltr'>ornnes</span> <span class='ocrx_word' id='word_1_280' title='bbox 1608 1929 1764 1996; x_wconf 86' lang='lat' dir='ltr'>operatores</span> 
     </span>
     <span class='ocr_line' id='line_1_20' title="bbox 102 2009 1761 2086; baseline -0.002 -16"><span class='ocrx_word' id='word_1_281' title='bbox 102 2013 158 2070; x_wconf 88' lang='lat' dir='ltr'>Dei</span> <span class='ocrx_word' id='word_1_282' title='bbox 174 2012 208 2070; x_wconf 88' lang='lat' dir='ltr'>ad</span> <span class='ocrx_word' id='word_1_283' title='bbox 223 2028 341 2086; x_wconf 90' lang='lat' dir='ltr'>pugnam</span> <span class='ocrx_word' id='word_1_284' title='bbox 363 2012 575 2086; x_wconf 86' lang='lat' dir='ltr'>provocabatur,</span> <span class='ocrx_word' id='word_1_285' title='bbox 599 2013 733 2070; x_wconf 87' lang='lat' dir='ltr'>cecinisse</span> <span class='ocrx_word' id='word_1_286' title='bbox 761 2013 907 2072; x_wconf 89' lang='lat' dir='ltr'>dicuntur:</span> <span class='ocrx_word' id='word_1_287' title='bbox 965 2015 1101 2072; x_wconf 90' lang='lat' dir='ltr'>malorum</span> <span class='ocrx_word' id='word_1_288' title='bbox 1116 2014 1154 2071; x_wconf 90' lang='lat' dir='ltr'>ita</span> <span class='ocrx_word' id='word_1_289' title='bbox 1169 2014 1198 2070; x_wconf 92' lang='lat' dir='ltr'>in</span> <span class='ocrx_word' id='word_1_290' title='bbox 1213 2021 1346 2086; x_wconf 88' lang='lat' dir='ltr'>potestate</span> <span class='ocrx_word' id='word_1_291' title='bbox 1361 2013 1511 2082; x_wconf 87' lang='lat' dir='ltr'>habebunt,</span> <span class='ocrx_word' id='word_1_292' title='bbox 1529 2018 1669 2069; x_wconf 90' lang='lat' dir='ltr'>uteorum</span> <span class='ocrx_word' id='word_1_293' title='bbox 1682 2009 1761 2083; x_wconf 89' lang='lat' dir='ltr'>judi-</span> 
     </span>
     <span class='ocr_line' id='line_1_21' title="bbox 102 2100 1763 2177; baseline -0.002 -17"><span class='ocrx_word' id='word_1_294' title='bbox 102 2108 252 2176; x_wconf 87' lang='lat' dir='ltr'>sequentes</span> <span class='ocrx_word' id='word_1_295' title='bbox 262 2107 354 2160; x_wconf 88' lang='lat' dir='ltr'>autem</span> <span class='ocrx_word' id='word_1_296' title='bbox 375 2101 482 2175; x_wconf 88' lang='lat' dir='ltr'>phialas</span> <span class='ocrx_word' id='word_1_297' title='bbox 499 2103 596 2177; x_wconf 86' lang='lat' dir='ltr'>plenas</span> <span class='ocrx_word' id='word_1_298' title='bbox 615 2100 766 2160; x_wconf 89' lang='lat' dir='ltr'>iracundiae</span> <span class='ocrx_word' id='word_1_299' title='bbox 788 2103 840 2161; x_wconf 91' lang='lat' dir='ltr'>Dei</span> <span class='ocrx_word' id='word_1_300' title='bbox 857 2119 910 2160; x_wconf 88' lang='lat' dir='ltr'>sn·</span> <span class='ocrx_word' id='word_1_301' title='bbox 964 2104 1009 2162; x_wconf 92' lang='lat' dir='ltr'>cio</span> <span class='ocrx_word' id='word_1_302' title='bbox 1023 2110 1154 2176; x_wconf 89' lang='lat' dir='ltr'>perpetua</span> <span class='ocrx_word' id='word_1_303' title='bbox 1168 2118 1248 2176; x_wconf 83' lang='lat' dir='ltr'>poerra</span> <span class='ocrx_word' id='word_1_304' title='bbox 1260 2102 1426 2175; x_wconf 90' lang='lat' dir='ltr'>plectantur.</span> <span class='ocrx_word' id='word_1_305' title='bbox 1441 2101 1687 2162; x_wconf 73' lang='lat' dir='ltr'>consummataest</span> <span class='ocrx_word' id='word_1_306' title='bbox 1697 2114 1763 2156; x_wconf 87' lang='lat' dir='ltr'>vero</span> 
     </span>
     <span class='ocr_line' id='line_1_22' title="bbox 104 2189 1761 2269; baseline -0.003 -19"><span class='ocrx_word' id='word_1_307' title='bbox 104 2210 156 2269; x_wconf 90' lang='lat' dir='ltr'>per</span> <span class='ocrx_word' id='word_1_308' title='bbox 171 2194 272 2267; x_wconf 89' lang='lat' dir='ltr'>impios</span> <span class='ocrx_word' id='word_1_309' title='bbox 285 2192 415 2252; x_wconf 78' lang='lat' dir='ltr'>effudisse</span> <span class='ocrx_word' id='word_1_310' title='bbox 429 2194 599 2252; x_wconf 80' lang='lat' dir='ltr'>referuntur.</span> <span class='ocrx_word' id='word_1_311' title='bbox 964 2193 994 2250; x_wconf 91' lang='lat' dir='ltr'>in</span> <span class='ocrx_word' id='word_1_312' title='bbox 1008 2191 1111 2252; x_wconf 88' lang='lat' dir='ltr'>sanctis</span> <span class='ocrx_word' id='word_1_313' title='bbox 1131 2191 1357 2266; x_wconf 78' lang='lat' dir='ltr'>predicatoribus</span> <span class='ocrx_word' id='word_1_314' title='bbox 1377 2192 1419 2248; x_wconf 91' lang='lat' dir='ltr'>ira</span> <span class='ocrx_word' id='word_1_315' title='bbox 1431 2193 1492 2257; x_wconf 80' lang='lat' dir='ltr'>liei,</span> <span class='ocrx_word' id='word_1_316' title='bbox 1505 2189 1535 2247; x_wconf 92' lang='lat' dir='ltr'>id</span> <span class='ocrx_word' id='word_1_317' title='bbox 1549 2197 1601 2260; x_wconf 86' lang='lat' dir='ltr'>est,</span> <span class='ocrx_word' id='word_1_318' title='bbox 1617 2205 1666 2263; x_wconf 92' lang='lat' dir='ltr'>per</span> <span class='ocrx_word' id='word_1_319' title='bbox 1680 2189 1761 2257; x_wconf 90' lang='lat' dir='ltr'>illos;</span> 
     </span>
    </p>

    <p class='ocr_par' dir='ltr' id='par_1_3' title="bbox 99 2279 1834 3816">
     <span class='ocr_line' id='line_1_23' title="bbox 143 2279 1764 2358; baseline -0.005 -14"><span class='ocrx_word' id='word_1_320' title='bbox 143 2285 234 2358; x_wconf 84' lang='lat' dir='ltr'>(Vera.</span> <span class='ocrx_word' id='word_1_321' title='bbox 248 2283 290 2357; x_wconf 79' lang='lat'>5.)</span> <span class='ocrx_word' id='word_1_322' title='bbox 306 2285 370 2342; x_wconf 88' lang='lat' dir='ltr'>Post</span> <span class='ocrx_word' id='word_1_323' title='bbox 384 2285 437 2340; x_wconf 79' lang='lat' dir='ltr'>hec</span> <span class='ocrx_word' id='word_1_324' title='bbox 450 2285 517 2354; x_wconf 85' lang='lat' dir='ltr'>vidi,</span> <span class='ocrx_word' id='word_1_325' title='bbox 544 2292 569 2341; x_wconf 86' lang='lat' dir='ltr'>et</span> <span class='ocrx_word' id='word_1_326' title='bbox 586 2302 640 2342; x_wconf 84' lang='lat' dir='ltr'>ecoe</span> <span class='ocrx_word' id='word_1_327' title='bbox 654 2291 777 2358; x_wconf 84' lang='lat' dir='ltr'>opertum</span> <span class='ocrx_word' id='word_1_328' title='bbox 790 2291 827 2342; x_wconf 83' lang='lat' dir='ltr'>cst</span> <span class='ocrx_word' id='word_1_329' title='bbox 841 2291 911 2342; x_wconf 87' lang='lat' dir='ltr'>tem-</span> <span class='ocrx_word' id='word_1_330' title='bbox 964 2282 1029 2356; x_wconf 89' lang='lat' dir='ltr'>quia</span> <span class='ocrx_word' id='word_1_331' title='bbox 1041 2298 1136 2339; x_wconf 87' lang='lat' dir='ltr'>eorum</span> <span class='ocrx_word' id='word_1_332' title='bbox 1159 2281 1267 2355; x_wconf 87' lang='lat' dir='ltr'>judicio</span> <span class='ocrx_word' id='word_1_333' title='bbox 1292 2281 1334 2338; x_wconf 89' lang='lat' dir='ltr'>ira</span> <span class='ocrx_word' id='word_1_334' title='bbox 1356 2281 1406 2338; x_wconf 89' lang='lat' dir='ltr'>Ilei</span> <span class='ocrx_word' id='word_1_335' title='bbox 1425 2279 1591 2354; x_wconf 86' lang='lat' dir='ltr'>perficietur.</span> <span class='ocrx_word' id='word_1_336' title='bbox 1616 2279 1764 2336; x_wconf 86' lang='lat' dir='ltr'>Possumus</span> 
     </span>
     <span class='ocr_line' id='line_1_24' title="bbox 100 2369 1764 2449; baseline -0.005 -17"><span class='ocrx_word' id='word_1_337' title='bbox 100 2375 180 2449; x_wconf 84' lang='lat' dir='ltr'>plum</span> <span class='ocrx_word' id='word_1_338' title='bbox 209 2374 373 2431; x_wconf 68' lang='lat' dir='ltr'>wlmaocali</span> <span class='ocrx_word' id='word_1_339' title='bbox 401 2374 542 2431; x_wconf 82' lang='lat' dir='ltr'>testimonii</span> <span class='ocrx_word' id='word_1_340' title='bbox 578 2375 608 2430; x_wconf 81' lang='lat' dir='ltr'>ia</span> <span class='ocrx_word' id='word_1_341' title='bbox 633 2375 705 2434; x_wconf 83' lang='lat' dir='ltr'>colo.</span> <span class='ocrx_word' id='word_1_342' title='bbox 741 2375 774 2432; x_wconf 91' lang='lat' dir='ltr'>In</span> <span class='ocrx_word' id='word_1_343' title='bbox 811 2374 910 2434; x_wconf 77' lang='lat' dir='ltr'>Exodo</span> <span class='ocrx_word' id='word_1_344' title='bbox 965 2379 1070 2444; x_wconf 88' lang='lat' dir='ltr'>septem</span> <span class='ocrx_word' id='word_1_345' title='bbox 1099 2372 1191 2446; x_wconf 88' lang='lat' dir='ltr'>plagas</span> <span class='ocrx_word' id='word_1_346' title='bbox 1220 2371 1301 2428; x_wconf 90' lang='lat' dir='ltr'>aliter</span> <span class='ocrx_word' id='word_1_347' title='bbox 1330 2370 1494 2444; x_wconf 84' lang='lat' dir='ltr'>intelligere.</span> <span class='ocrx_word' id='word_1_348' title='bbox 1525 2369 1656 2444; x_wconf 89' lang='lat' dir='ltr'>Superius</span> <span class='ocrx_word' id='word_1_349' title='bbox 1682 2383 1764 2425; x_wconf 91' lang='lat' dir='ltr'>ornne</span> 
     </span>
     <span class='ocr_line' id='line_1_25' title="bbox 102 2457 1761 2537; baseline -0.005 -16"><span class='ocrx_word' id='word_1_350' title='bbox 102 2463 297 2536; x_wconf 87' lang='lat' dir='ltr'>scriptumest</span> <span class='ocrx_word' id='word_1_351' title='bbox 318 2462 392 2537; x_wconf 88' lang='lat' dir='ltr'>quod</span> <span class='ocrx_word' id='word_1_352' title='bbox 414 2462 511 2522; x_wconf 87' lang='lat' dir='ltr'>lecerit</span> <span class='ocrx_word' id='word_1_353' title='bbox 533 2463 641 2537; x_wconf 83' lang='lat' dir='ltr'>Moyses</span> <span class='ocrx_word' id='word_1_354' title='bbox 654 2463 864 2534; x_wconf 85' lang='lat' dir='ltr'>tabernaculum</span> <span class='ocrx_word' id='word_1_355' title='bbox 879 2465 911 2521; x_wconf 92' lang='lat' dir='ltr'>in</span> <span class='ocrx_word' id='word_1_356' title='bbox 964 2477 1063 2535; x_wconf 88' lang='lat' dir='ltr'>corpus</span> <span class='ocrx_word' id='word_1_357' title='bbox 1090 2461 1239 2535; x_wconf 89' lang='lat' dir='ltr'>impiorum</span> <span class='ocrx_word' id='word_1_358' title='bbox 1262 2462 1292 2518; x_wconf 90' lang='lat' dir='ltr'>in</span> <span class='ocrx_word' id='word_1_359' title='bbox 1307 2471 1410 2534; x_wconf 87' lang='lat' dir='ltr'>septem</span> <span class='ocrx_word' id='word_1_360' title='bbox 1425 2467 1515 2534; x_wconf 93' lang='lat' dir='ltr'>partes</span> <span class='ocrx_word' id='word_1_361' title='bbox 1529 2458 1675 2516; x_wconf 86' lang='lat' dir='ltr'>divisimus</span> <span class='ocrx_word' id='word_1_362' title='bbox 1692 2457 1761 2529; x_wconf 80' lang='lat' dir='ltr'>(cop.</span> 
     </span>
     <span class='ocr_line' id='line_1_26' title="bbox 102 2550 1763 2627; baseline -0.007 -15"><span class='ocrx_word' id='word_1_363' title='bbox 102 2553 238 2612; x_wconf 88' lang='lat' dir='ltr'>deserto:</span> <span class='ocrx_word' id='word_1_364' title='bbox 260 2560 355 2627; x_wconf 89' lang='lat' dir='ltr'>postea</span> <span class='ocrx_word' id='word_1_365' title='bbox 377 2569 474 2611; x_wconf 89' lang='lat' dir='ltr'>veroa</span> <span class='ocrx_word' id='word_1_366' title='bbox 503 2553 649 2610; x_wconf 90' lang='lat' dir='ltr'>Salomone</span> <span class='ocrx_word' id='word_1_367' title='bbox 674 2552 732 2626; x_wconf 88' lang='lat' dir='ltr'>jam</span> <span class='ocrx_word' id='word_1_368' title='bbox 756 2554 857 2627; x_wconf 93' lang='lat' dir='ltr'>populo</span> <span class='ocrx_word' id='word_1_369' title='bbox 880 2554 910 2611; x_wconf 92' lang='lat' dir='ltr'>in</span> <span class='ocrx_word' id='word_1_370' title='bbox 964 2569 984 2620; x_wconf 93' lang='lat'>1,</span> <span class='ocrx_word' id='word_1_371' title='bbox 999 2568 1067 2608; x_wconf 85' lang='lat' dir='ltr'>oers.</span> <span class='ocrx_word' id='word_1_372' title='bbox 1082 2551 1148 2624; x_wconf 76' lang='lat' dir='ltr'>lli:</span> <span class='ocrx_word' id='word_1_373' title='bbox 1172 2559 1275 2624; x_wconf 87' lang='lat' dir='ltr'>septem</span> <span class='ocrx_word' id='word_1_374' title='bbox 1294 2567 1358 2623; x_wconf 87' lang='lat' dir='ltr'>ergo</span> <span class='ocrx_word' id='word_1_375' title='bbox 1378 2550 1462 2622; x_wconf 78' lang='lat' dir='ltr'>plage</span> <span class='ocrx_word' id='word_1_376' title='bbox 1486 2557 1551 2605; x_wconf 90' lang='lat' dir='ltr'>sunt</span> <span class='ocrx_word' id='word_1_377' title='bbox 1564 2553 1686 2618; x_wconf 87' lang='lat' dir='ltr'>peccata,</span> <span class='ocrx_word' id='word_1_378' title='bbox 1702 2562 1763 2618; x_wconf 81' lang='lat' dir='ltr'>quae</span> 
     </span>
     <span class='ocr_line' id='line_1_27' title="bbox 104 2633 1834 2716; baseline -0.003 -16"><span class='ocrx_word' id='word_1_379' title='bbox 104 2652 183 2702; x_wconf 88' lang='lat' dir='ltr'>terra</span> <span class='ocrx_word' id='word_1_380' title='bbox 204 2641 429 2716; x_wconf 87' lang='lat' dir='ltr'>repromissionis</span> <span class='ocrx_word' id='word_1_381' title='bbox 451 2641 574 2716; x_wconf 85' lang='lat' dir='ltr'>degente,</span> <span class='ocrx_word' id='word_1_382' title='bbox 591 2642 728 2716; x_wconf 88' lang='lat' dir='ltr'>templum</span> <span class='ocrx_word' id='word_1_383' title='bbox 743 2642 909 2702; x_wconf 84' lang='lat' dir='ltr'>aedilicatum</span> <span class='ocrx_word' id='word_1_384' title='bbox 965 2641 1117 2715; x_wconf 88' lang='lat' dir='ltr'>unicuique</span> <span class='ocrx_word' id='word_1_385' title='bbox 1143 2640 1215 2714; x_wconf 85' lang='lat' dir='ltr'>parti</span> <span class='ocrx_word' id='word_1_386' title='bbox 1240 2639 1331 2710; x_wconf 88' lang='lat' dir='ltr'>aptius</span> <span class='ocrx_word' id='word_1_387' title='bbox 1357 2636 1551 2704; x_wconf 87' lang='lat' dir='ltr'>conveniunt;</span> <span class='ocrx_word' id='word_1_388' title='bbox 1580 2635 1661 2692; x_wconf 89' lang='lat' dir='ltr'>aliter</span> <span class='ocrx_word' id='word_1_389' title='bbox 1687 2633 1761 2690; x_wconf 87' lang='lat' dir='ltr'>anim</span> <span class='ocrx_word' id='word_1_390' title='bbox 1831 2687 1834 2694; x_wconf 91' lang='lat'><em>.</em></span> 
     </span>
     <span class='ocr_line' id='line_1_28' title="bbox 103 2724 1762 2806; baseline -0.007 -14"><span class='ocrx_word' id='word_1_391' title='bbox 103 2741 157 2792; x_wconf 75' lang='lat' dir='ltr'>est.</span> <span class='ocrx_word' id='word_1_392' title='bbox 173 2733 225 2790; x_wconf 90' lang='lat' dir='ltr'>Per</span> <span class='ocrx_word' id='word_1_393' title='bbox 243 2733 383 2792; x_wconf 87' lang='lat' dir='ltr'>desertum</span> <span class='ocrx_word' id='word_1_394' title='bbox 398 2732 484 2805; x_wconf 90' lang='lat' dir='ltr'>igitur</span> <span class='ocrx_word' id='word_1_395' title='bbox 496 2732 551 2790; x_wconf 91' lang='lat' dir='ltr'>hoc</span> <span class='ocrx_word' id='word_1_396' title='bbox 573 2733 706 2790; x_wconf 75' lang='lat' dir='ltr'>saeculum</span> <span class='ocrx_word' id='word_1_397' title='bbox 717 2749 791 2806; x_wconf 86' lang='lat' dir='ltr'>:per</span> <span class='ocrx_word' id='word_1_398' title='bbox 810 2734 908 2792; x_wconf 91' lang='lat' dir='ltr'>tabor·</span> <span class='ocrx_word' id='word_1_399' title='bbox 961 2729 1161 2803; x_wconf 85' lang='lat' dir='ltr'>judicabuntur</span> <span class='ocrx_word' id='word_1_400' title='bbox 1181 2729 1201 2786; x_wconf 92' lang='lat' dir='ltr'>ii</span> <span class='ocrx_word' id='word_1_401' title='bbox 1224 2727 1273 2802; x_wconf 91' lang='lat' dir='ltr'>qui</span> <span class='ocrx_word' id='word_1_402' title='bbox 1291 2735 1354 2784; x_wconf 91' lang='lat' dir='ltr'>auto</span> <span class='ocrx_word' id='word_1_403' title='bbox 1372 2724 1511 2782; x_wconf 85' lang='lat' dir='ltr'>diluvium</span> <span class='ocrx_word' id='word_1_404' title='bbox 1525 2724 1648 2794; x_wconf 83' lang='lat' dir='ltr'>fuerunt,</span> <span class='ocrx_word' id='word_1_405' title='bbox 1669 2739 1762 2798; x_wconf 87' lang='lat' dir='ltr'>popu-</span> 
     </span>
     <span class='ocr_line' id='line_1_29' title="bbox 103 2814 1763 2898; baseline -0.007 -16"><span class='ocrx_word' id='word_1_406' title='bbox 103 2823 240 2882; x_wconf 90' lang='lat' dir='ltr'>nacnlnm</span> <span class='ocrx_word' id='word_1_407' title='bbox 254 2822 328 2898; x_wconf 90' lang='lat' dir='ltr'>qnod</span> <span class='ocrx_word' id='word_1_408' title='bbox 342 2823 376 2880; x_wconf 87' lang='lat' dir='ltr'>de</span> <span class='ocrx_word' id='word_1_409' title='bbox 391 2823 452 2882; x_wconf 91' lang='lat' dir='ltr'>loco</span> <span class='ocrx_word' id='word_1_410' title='bbox 475 2823 510 2881; x_wconf 86' lang='lat' dir='ltr'>ad</span> <span class='ocrx_word' id='word_1_411' title='bbox 525 2825 617 2881; x_wconf 89' lang='lat' dir='ltr'>locum</span> <span class='ocrx_word' id='word_1_412' title='bbox 633 2821 809 2893; x_wconf 79' lang='lat' dir='ltr'>transfertur,</span> <span class='ocrx_word' id='word_1_413' title='bbox 835 2839 909 2896; x_wconf 84' lang='lat' dir='ltr'>prae-</span> <span class='ocrx_word' id='word_1_414' title='bbox 964 2818 1079 2892; x_wconf 91' lang='lat' dir='ltr'>lumque</span> <span class='ocrx_word' id='word_1_415' title='bbox 1110 2818 1160 2877; x_wconf 86' lang='lat' dir='ltr'>Ilei</span> <span class='ocrx_word' id='word_1_416' title='bbox 1184 2815 1380 2889; x_wconf 89' lang='lat' dir='ltr'>conjunctione</span> <span class='ocrx_word' id='word_1_417' title='bbox 1405 2814 1570 2871; x_wconf 86' lang='lat' dir='ltr'>laminarum</span> <span class='ocrx_word' id='word_1_418' title='bbox 1596 2814 1763 2886; x_wconf 87' lang='lat' dir='ltr'>deceperunt</span> 
     </span>
     <span class='ocr_line' id='line_1_30' title="bbox 102 2901 1760 2989; baseline -0.009 -16"><span class='ocrx_word' id='word_1_419' title='bbox 102 2932 169 2974; x_wconf 88' lang='lat' dir='ltr'>sens</span> <span class='ocrx_word' id='word_1_420' title='bbox 189 2913 313 2973; x_wconf 86' lang='lat' dir='ltr'>Ecclesia</span> <span class='ocrx_word' id='word_1_421' title='bbox 322 2913 492 2988; x_wconf 86' lang='lat' dir='ltr'>designatur,</span> <span class='ocrx_word' id='word_1_422' title='bbox 507 2929 569 2988; x_wconf 78' lang='lat' dir='ltr'>quo</span> <span class='ocrx_word' id='word_1_423' title='bbox 582 2914 617 2972; x_wconf 90' lang='lat' dir='ltr'>de</span> <span class='ocrx_word' id='word_1_424' title='bbox 635 2913 743 2973; x_wconf 89' lang='lat' dir='ltr'>deserto</span> <span class='ocrx_word' id='word_1_425' title='bbox 757 2914 842 2989; x_wconf 82' lang='lat' dir='ltr'>hujus</span> <span class='ocrx_word' id='word_1_426' title='bbox 853 2932 910 2972; x_wconf 79' lang='lat' dir='ltr'>se-</span> <span class='ocrx_word' id='word_1_427' title='bbox 965 2908 1041 2983; x_wconf 84' lang='lat' dir='ltr'>(Gen.</span> <span class='ocrx_word' id='word_1_428' title='bbox 1050 2927 1088 2978; x_wconf 87' lang='lat' dir='ltr'>rr,</span> <span class='ocrx_word' id='word_1_429' title='bbox 1099 2907 1139 2983; x_wconf 66' lang='lat' dir='ltr'>bl:</span> <span class='ocrx_word' id='word_1_430' title='bbox 1152 2907 1232 2966; x_wconf 90' lang='lat' dir='ltr'>aliter</span> <span class='ocrx_word' id='word_1_431' title='bbox 1246 2905 1267 2964; x_wconf 94' lang='lat' dir='ltr'>ii</span> <span class='ocrx_word' id='word_1_432' title='bbox 1282 2906 1329 2981; x_wconf 91' lang='lat' dir='ltr'>qui</span> <span class='ocrx_word' id='word_1_433' title='bbox 1343 2911 1404 2978; x_wconf 91' lang='lat' dir='ltr'>post</span> <span class='ocrx_word' id='word_1_434' title='bbox 1418 2903 1556 2961; x_wconf 84' lang='lat' dir='ltr'>diluvium</span> <span class='ocrx_word' id='word_1_435' title='bbox 1564 2901 1760 2974; x_wconf 90' lang='lat' dir='ltr'>idololatriam,</span> 
     </span>
     <span class='ocr_line' id='line_1_31' title="bbox 99 2990 1763 3081; baseline -0.002 -14"><span class='ocrx_word' id='word_1_436' title='bbox 99 3007 162 3067; x_wconf 91' lang='lat' dir='ltr'>culi</span> <span class='ocrx_word' id='word_1_437' title='bbox 172 3005 340 3081; x_wconf 88' lang='lat' dir='ltr'>quotidiead</span> <span class='ocrx_word' id='word_1_438' title='bbox 354 3006 492 3066; x_wconf 87' lang='lat' dir='ltr'>ooelestom</span> <span class='ocrx_word' id='word_1_439' title='bbox 506 3006 707 3066; x_wconf 88' lang='lat' dir='ltr'>beatitudinem</span> <span class='ocrx_word' id='word_1_440' title='bbox 721 3006 834 3078; x_wconf 86' lang='lat' dir='ltr'>transit,</span> <span class='ocrx_word' id='word_1_441' title='bbox 845 3022 908 3081; x_wconf 92' lang='lat' dir='ltr'>per·</span> <span class='ocrx_word' id='word_1_442' title='bbox 963 2998 1142 3074; x_wconf 76' lang='lat' dir='ltr'>divers⁰⁵q11⁰</span> <span class='ocrx_word' id='word_1_443' title='bbox 1156 3012 1262 3056; x_wconf 62' lang='lat' dir='ltr'>omres</span> <span class='ocrx_word' id='word_1_444' title='bbox 1276 2996 1453 3064; x_wconf 63' lang='lat' dir='ltr'>invenerunt,</span> <span class='ocrx_word' id='word_1_445' title='bbox 1468 3010 1516 3067; x_wconf 66' lang='lat' dir='ltr'>pel</span> <span class='ocrx_word' id='word_1_446' title='bbox 1530 3009 1591 3068; x_wconf 70' lang='lat' dir='ltr'>qllffi</span> <span class='ocrx_word' id='word_1_447' title='bbox 1605 3008 1690 3068; x_wconf 89' lang='lat' dir='ltr'>genus</span> <span class='ocrx_word' id='word_1_448' title='bbox 1704 2990 1763 3050; x_wconf 74' lang='lat' dir='ltr'>hl·</span> 
     </span>
     <span class='ocr_line' id='line_1_32' title="bbox 103 3083 1762 3174; baseline -0.006 -25"><span class='ocrx_word' id='word_1_449' title='bbox 103 3099 202 3174; x_wconf 78' lang='lat' dir='ltr'>gitque</span> <span class='ocrx_word' id='word_1_450' title='bbox 219 3097 253 3156; x_wconf 78' lang='lat' dir='ltr'>da</span> <span class='ocrx_word' id='word_1_451' title='bbox 266 3097 369 3156; x_wconf 79' lang='lat' dir='ltr'>virtuto</span> <span class='ocrx_word' id='word_1_452' title='bbox 383 3097 414 3154; x_wconf 90' lang='lat' dir='ltr'>in</span> <span class='ocrx_word' id='word_1_453' title='bbox 430 3097 573 3168; x_wconf 65' lang='lat' dir='ltr'>chantem,</span> <span class='ocrx_word' id='word_1_454' title='bbox 589 3105 621 3155; x_wconf 81' lang='lat' dir='ltr'>ut</span> <span class='ocrx_word' id='word_1_455' title='bbox 635 3098 824 3156; x_wconf 75' lang='lat' dir='ltr'>ridoatneum</span> <span class='ocrx_word' id='word_1_456' title='bbox 838 3100 909 3157; x_wconf 75' lang='lat' dir='ltr'>‹leo-</span> <span class='ocrx_word' id='word_1_457' title='bbox 963 3107 1076 3148; x_wconf 89' lang='lat' dir='ltr'>manum</span> <span class='ocrx_word' id='word_1_458' title='bbox 1091 3090 1237 3163; x_wconf 90' lang='lat' dir='ltr'>deceptum</span> <span class='ocrx_word' id='word_1_459' title='bbox 1251 3095 1291 3145; x_wconf 89' lang='lat' dir='ltr'>est</span> <span class='ocrx_word' id='word_1_460' title='bbox 1305 3105 1310 3145; x_wconf 95' lang='lat'><strong>:</strong></span> <span class='ocrx_word' id='word_1_461' title='bbox 1322 3087 1402 3144; x_wconf 91' lang='lat' dir='ltr'>aliter</span> <span class='ocrx_word' id='word_1_462' title='bbox 1412 3085 1433 3142; x_wconf 92' lang='lat' dir='ltr'>ii</span> <span class='ocrx_word' id='word_1_463' title='bbox 1442 3084 1490 3160; x_wconf 90' lang='lat' dir='ltr'>qui</span> <span class='ocrx_word' id='word_1_464' title='bbox 1501 3083 1553 3142; x_wconf 89' lang='lat' dir='ltr'>suh</span> <span class='ocrx_word' id='word_1_465' title='bbox 1568 3086 1626 3158; x_wconf 90' lang='lat' dir='ltr'>lega</span> <span class='ocrx_word' id='word_1_466' title='bbox 1638 3084 1762 3150; x_wconf 82' lang='lat' dir='ltr'>fuerunt,</span> 
     </span>
     <span class='ocr_line' id='line_1_33' title="bbox 101 3171 1763 3262; baseline -0.003 -28"><span class='ocrx_word' id='word_1_467' title='bbox 101 3205 169 3246; x_wconf 73' lang='lat' dir='ltr'>mm</span> <span class='ocrx_word' id='word_1_468' title='bbox 179 3188 283 3248; x_wconf 69' lang='lat' dir='ltr'>msjon</span> <span class='ocrx_word' id='word_1_469' title='bbox 292 3188 645 3262; x_wconf 66' lang='lat' dir='ltr'>(pgagfflm1‚g),1jndg</span> <span class='ocrx_word' id='word_1_470' title='bbox 657 3198 685 3247; x_wconf 66' lang='lat'>01</span> <span class='ocrx_word' id='word_1_471' title='bbox 694 3191 808 3248; x_wconf 64' lang='lat' dir='ltr'>wnqnae</span> <span class='ocrx_word' id='word_1_472' title='bbox 821 3190 910 3248; x_wconf 59' lang='lat' dir='ltr'>gaber.</span> <span class='ocrx_word' id='word_1_473' title='bbox 965 3188 992 3238; x_wconf 93' lang='lat' dir='ltr'>et</span> <span class='ocrx_word' id='word_1_474' title='bbox 1013 3179 1141 3238; x_wconf 89' lang='lat' dir='ltr'>mandata</span> <span class='ocrx_word' id='word_1_475' title='bbox 1158 3179 1210 3236; x_wconf 80' lang='lat' dir='ltr'>Ilei</span> <span class='ocrx_word' id='word_1_476' title='bbox 1235 3193 1291 3236; x_wconf 92' lang='lat' dir='ltr'>non</span> <span class='ocrx_word' id='word_1_477' title='bbox 1313 3175 1522 3234; x_wconf 88' lang='lat' dir='ltr'>custodierunt:</span> <span class='ocrx_word' id='word_1_478' title='bbox 1548 3172 1628 3230; x_wconf 90' lang='lat' dir='ltr'>aliter</span> <span class='ocrx_word' id='word_1_479' title='bbox 1649 3171 1763 3246; x_wconf 90' lang='lat' dir='ltr'>pseudo·</span> 
     </span>
     <span class='ocr_line' id='line_1_34' title="bbox 101 3260 1762 3354; baseline -0.004 -16"><span class='ocrx_word' id='word_1_480' title='bbox 101 3279 213 3350; x_wconf 90' lang='lat' dir='ltr'>naculi,</span> <span class='ocrx_word' id='word_1_481' title='bbox 222 3278 680 3354; x_wconf 79' lang='lat' dir='ltr'>quodiversiscoloribusdepictae</span> <span class='ocrx_word' id='word_1_482' title='bbox 691 3286 780 3349; x_wconf 90' lang='lat' dir='ltr'>erant,</span> <span class='ocrx_word' id='word_1_483' title='bbox 791 3279 911 3354; x_wconf 89' lang='lat' dir='ltr'>pellibus</span> <span class='ocrx_word' id='word_1_484' title='bbox 965 3270 1116 3344; x_wconf 63' lang='lat' dir='ltr'>prophetat,</span> <span class='ocrx_word' id='word_1_485' title='bbox 1131 3268 1180 3344; x_wconf 77' lang='lat' dir='ltr'>&lt;lui</span> <span class='ocrx_word' id='word_1_486' title='bbox 1194 3267 1327 3342; x_wconf 74' lang='lat' dir='ltr'>ll⁰ll¹¹¹¹ffl</span> <span class='ocrx_word' id='word_1_487' title='bbox 1341 3265 1392 3322; x_wconf 64' lang='lat' dir='ltr'>Dei</span> <span class='ocrx_word' id='word_1_488' title='bbox 1406 3263 1582 3338; x_wconf 65' lang='lat' dir='ltr'>llssoellefflssl,</span> <span class='ocrx_word' id='word_1_489' title='bbox 1593 3261 1674 3320; x_wconf 79' lang='lat' dir='ltr'>aliter</span> <span class='ocrx_word' id='word_1_490' title='bbox 1683 3260 1762 3334; x_wconf 72' lang='lat' dir='ltr'>impii</span> 
     </span>
     <span class='ocr_line' id='line_1_35' title="bbox 102 3351 1763 3451; baseline -0.007 -32"><span class='ocrx_word' id='word_1_491' title='bbox 102 3371 270 3447; x_wconf 68' lang='lat' dir='ltr'>regebantur</span> <span class='ocrx_word' id='word_1_492' title='bbox 283 3379 311 3430; x_wconf 69' lang='lat' dir='ltr'>er</span> <span class='ocrx_word' id='word_1_493' title='bbox 325 3372 446 3444; x_wconf 49' lang='lat' dir='ltr'>officii„</span> <span class='ocrx_word' id='word_1_494' title='bbox 469 3379 501 3430; x_wconf 75' lang='lat' dir='ltr'>ur</span> <span class='ocrx_word' id='word_1_495' title='bbox 518 3373 740 3431; x_wconf 64' lang='lat' dir='ltr'>demonstrarent</span> <span class='ocrx_word' id='word_1_496' title='bbox 756 3371 911 3431; x_wconf 63' lang='lat' dir='ltr'>mortifica.</span> <span class='ocrx_word' id='word_1_497' title='bbox 965 3361 1064 3432; x_wconf 84' lang='lat' dir='ltr'>lndaei,</span> <span class='ocrx_word' id='word_1_498' title='bbox 1091 3359 1137 3434; x_wconf 92' lang='lat' dir='ltr'>qui</span> <span class='ocrx_word' id='word_1_499' title='bbox 1162 3358 1314 3416; x_wconf 89' lang='lat' dir='ltr'>Dominum</span> <span class='ocrx_word' id='word_1_500' title='bbox 1337 3355 1545 3423; x_wconf 83' lang='lat' dir='ltr'>interfecerunt,</span> <span class='ocrx_word' id='word_1_501' title='bbox 1572 3359 1600 3410; x_wconf 90' lang='lat' dir='ltr'>et</span> <span class='ocrx_word' id='word_1_502' title='bbox 1625 3351 1763 3451; x_wconf 81' lang='lat' dir='ltr'>apostolos</span> 
     </span>
     <span class='ocr_line' id='line_1_36' title="bbox 101 3441 1762 3547; baseline -0.006 -27"><span class='ocrx_word' id='word_1_503' title='bbox 101 3461 213 3520; x_wconf 90' lang='lat' dir='ltr'>tionem</span> <span class='ocrx_word' id='word_1_504' title='bbox 240 3461 331 3520; x_wconf 89' lang='lat' dir='ltr'>carnis</span> <span class='ocrx_word' id='word_1_505' title='bbox 351 3470 432 3537; x_wconf 90' lang='lat' dir='ltr'>atque</span> <span class='ocrx_word' id='word_1_506' title='bbox 457 3463 645 3523; x_wconf 90' lang='lat' dir='ltr'>humilitatem</span> <span class='ocrx_word' id='word_1_507' title='bbox 672 3462 828 3522; x_wconf 88' lang='lat' dir='ltr'>custodiam</span> <span class='ocrx_word' id='word_1_508' title='bbox 852 3479 911 3522; x_wconf 88' lang='lat' dir='ltr'>esse</span> <span class='ocrx_word' id='word_1_509' title='bbox 966 3451 1025 3525; x_wconf 61' lang='lat' dir='ltr'>ejus</span> <span class='ocrx_word' id='word_1_510' title='bbox 1045 3448 1182 3524; x_wconf 62' lang='grc' dir='ltr'>Ρθῖῦθθΰῑῑ</span> <span class='ocrx_word' id='word_1_511' title='bbox 1204 3454 1284 3547; x_wconf 60' lang='grc' dir='ltr'>ὓῑῑξῑῑῑ</span> <span class='ocrx_word' id='word_1_512' title='bbox 1309 3445 1390 3545; x_wconf 53' lang='lat' dir='ltr'>aliie?</span> <span class='ocrx_word' id='word_1_513' title='bbox 1417 3450 1603 3542; x_wconf 56' lang='grc' dir='ltr'>Ρθῐῦθθΰῑῼῐθθ</span> <span class='ocrx_word' id='word_1_514' title='bbox 1620 3441 1762 3540; x_wconf 59' lang='grc' dir='ltr'>Εὓῢῑθξῑῑθ,</span> 
     </span>
     <span class='ocr_line' id='line_1_37' title="bbox 102 3532 1764 3635; baseline -0.008 -36"><span class='ocrx_word' id='word_1_515' title='bbox 102 3557 256 3615; x_wconf 58' lang='lat' dir='ltr'>virtutum,</span> <span class='ocrx_word' id='word_1_516' title='bbox 272 3554 346 3624; x_wconf 76' lang='lat' dir='ltr'>Quid</span> <span class='ocrx_word' id='word_1_517' title='bbox 360 3563 453 3614; x_wconf 61' lang='lat' dir='ltr'>autem</span> <span class='ocrx_word' id='word_1_518' title='bbox 475 3572 526 3630; x_wconf 70' lang='lat' dir='ltr'>pei·</span> <span class='ocrx_word' id='word_1_519' title='bbox 549 3563 650 3615; x_wconf 62' lang='lat' dir='ltr'>ieri-am</span> <span class='ocrx_word' id='word_1_520' title='bbox 678 3556 909 3630; x_wconf 60' lang='lat' dir='ltr'>repromissionis,</span> <span class='ocrx_word' id='word_1_521' title='bbox 966 3542 1013 3616; x_wconf 74' lang='lat' dir='ltr'>(issi</span> <span class='ocrx_word' id='word_1_522' title='bbox 1032 3539 1116 3597; x_wconf 69' lang='lat' dir='ltr'>fidem</span> <span class='ocrx_word' id='word_1_523' title='bbox 1140 3538 1243 3599; x_wconf 68' lang='lat' dir='ltr'>Christi</span> <span class='ocrx_word' id='word_1_524' title='bbox 1267 3539 1556 3635; x_wconf 51' lang='lat' dir='ltr'>exsunguem,wnan</span> <span class='ocrx_word' id='word_1_525' title='bbox 1579 3538 1662 3588; x_wconf 72' lang='lat' dir='ltr'>8111le</span> <span class='ocrx_word' id='word_1_526' title='bbox 1683 3532 1764 3630; x_wconf 48' lang='lat' dir='ltr'>ailbei</span> 
     </span>
     <span class='ocr_line' id='line_1_38' title="bbox 101 3620 1765 3727; baseline -0.007 -40"><span class='ocrx_word' id='word_1_527' title='bbox 101 3649 163 3706; x_wconf 62' lang='lat' dir='ltr'>nisi</span> <span class='ocrx_word' id='word_1_528' title='bbox 187 3646 307 3707; x_wconf 58' lang='lat' dir='ltr'>ooelfflgq,</span> <span class='ocrx_word' id='word_1_529' title='bbox 330 3647 421 3722; x_wconf 58' lang='lat' dir='ltr'>papia</span> <span class='ocrx_word' id='word_1_530' title='bbox 445 3648 615 3724; x_wconf 55' lang='lat' dir='ltr'>designatur,</span> <span class='ocrx_word' id='word_1_531' title='bbox 642 3665 724 3723; x_wconf 59' lang='lat' dir='ltr'>quam</span> <span class='ocrx_word' id='word_1_532' title='bbox 753 3651 911 3724; x_wconf 61' lang='lat' dir='ltr'>repromisit</span> <span class='ocrx_word' id='word_1_533' title='bbox 965 3629 1087 3686; x_wconf 87' lang='lat' dir='ltr'>ministri</span> <span class='ocrx_word' id='word_1_534' title='bbox 1113 3625 1291 3696; x_wconf 83' lang='lat' dir='ltr'>Antichristi,</span> <span class='ocrx_word' id='word_1_535' title='bbox 1320 3641 1368 3699; x_wconf 88' lang='lat' dir='ltr'>qm</span> <span class='ocrx_word' id='word_1_536' title='bbox 1383 3623 1535 3727; x_wconf 35' lang='lat' dir='ltr'>&#39;Christum</span> <span class='ocrx_word' id='word_1_537' title='bbox 1564 3620 1710 3688; x_wconf 83' lang='lat' dir='ltr'>deserturi,</span> <span class='ocrx_word' id='word_1_538' title='bbox 1737 3625 1765 3676; x_wconf 91' lang='lat' dir='ltr'>et</span> 
     </span>
     <span class='ocr_line' id='line_1_39' title="bbox 100 3711 1764 3816; baseline -0.02 -17"><span class='ocrx_word' id='word_1_539' title='bbox 100 3743 182 3799; x_wconf 91' lang='lat' dir='ltr'>Deus</span> <span class='ocrx_word' id='word_1_540' title='bbox 196 3738 377 3813; x_wconf 89' lang='lat' dir='ltr'>diligentibus</span> <span class='ocrx_word' id='word_1_541' title='bbox 390 3755 419 3797; x_wconf 91' lang='lat' dir='ltr'>se</span> <span class='ocrx_word' id='word_1_542' title='bbox 433 3741 502 3814; x_wconf 81' lang='lat' dir='ltr'>(loc.</span> <span class='ocrx_word' id='word_1_543' title='bbox 519 3758 539 3810; x_wconf 89' lang='lat'>1,</span> <span class='ocrx_word' id='word_1_544' title='bbox 553 3739 600 3814; x_wconf 72' lang='lat'>42)</span> <span class='ocrx_word' id='word_1_545' title='bbox 616 3741 682 3799; x_wconf 78' lang='lat' dir='ltr'>tna</span> <span class='ocrx_word' id='word_1_546' title='bbox 692 3740 760 3816; x_wconf 87' lang='lat' dir='ltr'>quiri</span> <span class='ocrx_word' id='word_1_547' title='bbox 774 3755 822 3814; x_wconf 64' lang='lat' dir='ltr'>per</span> <span class='ocrx_word' id='word_1_548' title='bbox 836 3749 913 3799; x_wconf 66' lang='lat' dir='ltr'>gem-</span> <span class='ocrx_word' id='word_1_549' title='bbox 965 3717 1170 3776; x_wconf 86' lang='lat' dir='ltr'>Antichristum</span> <span class='ocrx_word' id='word_1_550' title='bbox 1185 3725 1250 3774; x_wconf 87' lang='lat' dir='ltr'>sunt</span> <span class='ocrx_word' id='word_1_551' title='bbox 1269 3725 1400 3775; x_wconf 71' lang='lat' dir='ltr'>meaturi.</span> <span class='ocrx_word' id='word_1_552' title='bbox 1416 3715 1471 3772; x_wconf 86' lang='lat' dir='ltr'>ilas</span> <span class='ocrx_word' id='word_1_553' title='bbox 1484 3721 1578 3787; x_wconf 83' lang='lat' dir='ltr'>itaque</span> <span class='ocrx_word' id='word_1_554' title='bbox 1593 3711 1685 3786; x_wconf 84' lang='lat' dir='ltr'>plagas</span> <span class='ocrx_word' id='word_1_555' title='bbox 1699 3725 1764 3766; x_wconf 92' lang='lat' dir='ltr'>san-</span> 
     </span>
    </p>
   </div>
   <div class='ocr_carea' id='block_1_3' title="bbox 103 3793 1764 3903">
    <p class='ocr_par' dir='ltr' id='par_1_4' title="bbox 103 3793 1764 3903">
     <span class='ocr_line' id='line_1_40' title="bbox 103 3793 1764 3903; baseline -0.008 -18"><span class='ocrx_word' id='word_1_556' title='bbox 103 3829 197 3903; x_wconf 76' lang='lat' dir='ltr'>prnm,</span> <span class='ocrx_word' id='word_1_557' title='bbox 213 3829 288 3902; x_wconf 81' lang='lat' dir='ltr'>quor</span> <span class='ocrx_word' id='word_1_558' title='bbox 316 3845 352 3886; x_wconf 74' lang='lat' dir='ltr'>ex</span> <span class='ocrx_word' id='word_1_559' title='bbox 377 3829 489 3903; x_wconf 75' lang='lat' dir='ltr'>optima</span> <span class='ocrx_word' id='word_1_560' title='bbox 513 3829 652 3902; x_wconf 83' lang='lat' dir='ltr'>lapidibus</span> <span class='ocrx_word' id='word_1_561' title='bbox 665 3831 831 3890; x_wconf 73' lang='lat' dir='ltr'>assuescam</span> <span class='ocrx_word' id='word_1_562' title='bbox 845 3832 910 3902; x_wconf 78' lang='lat' dir='ltr'>furt,</span> <span class='ocrx_word' id='word_1_563' title='bbox 965 3809 1004 3867; x_wconf 67' lang='lat' dir='ltr'>cli</span> <span class='ocrx_word' id='word_1_564' title='bbox 1018 3809 1069 3866; x_wconf 74' lang='lat'>⁰01</span> <span class='ocrx_word' id='word_1_565' title='bbox 1087 3808 1117 3865; x_wconf 83' lang='lat' dir='ltr'>rn</span> <span class='ocrx_word' id='word_1_566' title='bbox 1131 3813 1264 3889; x_wconf 66' lang='lat' dir='ltr'>potestate</span> <span class='ocrx_word' id='word_1_567' title='bbox 1279 3804 1438 3874; x_wconf 60' lang='lat' dir='ltr'>habebare</span> <span class='ocrx_word' id='word_1_568' title='bbox 1455 3803 1519 3877; x_wconf 76' lang='lat' dir='ltr'>qua</span> <span class='ocrx_word' id='word_1_569' title='bbox 1538 3793 1643 3876; x_wconf 76' lang='lat' dir='ltr'>strigili</span> <span class='ocrx_word' id='word_1_570' title='bbox 1657 3816 1703 3856; x_wconf 62' lang='lat'>20⁵</span> <span class='ocrx_word' id='word_1_571' title='bbox 1717 3797 1764 3873; x_wconf 76' lang='lat' dir='ltr'>sui</span> 
     </span>
    </p>
   </div>
   <div class='ocr_carea' id='block_1_4' title="bbox 100 3892 1764 3996">
    <p class='ocr_par' dir='ltr' id='par_1_5' title="bbox 100 3892 1764 3996">
     <span class='ocr_line' id='line_1_41' title="bbox 100 3892 1764 3996; baseline -0.009 -37"><span class='ocrx_word' id='word_1_572' title='bbox 100 3920 252 3992; x_wconf 56' lang='lat' dir='ltr'>figuratur,</span> <span class='ocrx_word' id='word_1_573' title='bbox 276 3918 332 3977; x_wconf 51' lang='grc' dir='ltr'>ΠΜ</span> <span class='ocrx_word' id='word_1_574' title='bbox 347 3919 467 3978; x_wconf 62' lang='lat' dir='ltr'>goelgsgjs</span> <span class='ocrx_word' id='word_1_575' title='bbox 493 3920 655 3990; x_wconf 53' lang='lat' dir='ltr'>Jerusalem,</span> <span class='ocrx_word' id='word_1_576' title='bbox 685 3939 745 3996; x_wconf 62' lang='lat' dir='ltr'>qm„</span> <span class='ocrx_word' id='word_1_577' title='bbox 775 3937 810 3978; x_wconf 53' lang='grc' dir='ltr'>εχ</span> <span class='ocrx_word' id='word_1_578' title='bbox 835 3922 911 3980; x_wconf 65' lang='lat' dir='ltr'>vivi,</span> <span class='ocrx_word' id='word_1_579' title='bbox 967 3898 1024 3956; x_wconf 88' lang='lat' dir='ltr'>suis</span> <span class='ocrx_word' id='word_1_580' title='bbox 1037 3897 1208 3972; x_wconf 87' lang='lat' dir='ltr'>temporibus</span> <span class='ocrx_word' id='word_1_581' title='bbox 1223 3899 1345 3964; x_wconf 77' lang='lat' dir='ltr'>fuerunt,</span> <span class='ocrx_word' id='word_1_582' title='bbox 1361 3910 1511 3968; x_wconf 90' lang='lat' dir='ltr'>eorumque</span> <span class='ocrx_word' id='word_1_583' title='bbox 1525 3892 1631 3950; x_wconf 91' lang='lat' dir='ltr'>monita</span> <span class='ocrx_word' id='word_1_584' title='bbox 1643 3896 1764 3948; x_wconf 89' lang='lat' dir='ltr'>contom-</span> 
     </span>
    </p>
   </div>
   <div class='ocr_carea' id='block_1_5' title="bbox 102 3977 1765 4442">
    <p class='ocr_par' dir='ltr' id='par_1_6' title="bbox 102 3977 1765 4442">
     <span class='ocr_line' id='line_1_42' title="bbox 103 3977 1763 4086; baseline -0.011 -18"><span class='ocrx_word' id='word_1_585' title='bbox 103 4009 249 4085; x_wconf 83' lang='lat' dir='ltr'>lapidibus</span> <span class='ocrx_word' id='word_1_586' title='bbox 263 4010 389 4083; x_wconf 72' lang='lat' dir='ltr'>quoram</span> <span class='ocrx_word' id='word_1_587' title='bbox 402 4008 909 4086; x_wconf 62' lang='lat' dir='ltr'>sacratarumque)argonaut:</span> <span class='ocrx_word' id='word_1_588' title='bbox 966 3997 1092 4086; x_wconf 64' lang='lat' dir='ltr'>pserunt</span> <span class='ocrx_word' id='word_1_589' title='bbox 1116 4003 1167 4044; x_wconf 76' lang='lat'>⁵110</span> <span class='ocrx_word' id='word_1_590' title='bbox 1191 3983 1299 4059; x_wconf 74' lang='lat' dir='ltr'>iudicio</span> <span class='ocrx_word' id='word_1_591' title='bbox 1321 3992 1451 4059; x_wconf 73' lang='lat' dir='ltr'>perpetua</span> <span class='ocrx_word' id='word_1_592' title='bbox 1475 3997 1555 4056; x_wconf 69' lang='lat' dir='ltr'>pana</span> <span class='ocrx_word' id='word_1_593' title='bbox 1580 3977 1763 4079; x_wconf 73' lang='lat' dir='ltr'>damnabunt.</span> 
     </span>
     <span class='ocr_line' id='line_1_43' title="bbox 102 4067 1765 4174; baseline -0.012 -14"><span class='ocrx_word' id='word_1_594' title='bbox 102 4101 241 4174; x_wconf 83' lang='lat' dir='ltr'>Apertum</span> <span class='ocrx_word' id='word_1_595' title='bbox 256 4108 293 4158; x_wconf 87' lang='lat' dir='ltr'>est</span> <span class='ocrx_word' id='word_1_596' title='bbox 307 4101 606 4174; x_wconf 71' lang='lat' dir='ltr'>templumtoherooeuli</span> <span class='ocrx_word' id='word_1_597' title='bbox 617 4121 627 4170; x_wconf 91' lang='lat'><em>;</em></span> <span class='ocrx_word' id='word_1_598' title='bbox 639 4103 693 4160; x_wconf 91' lang='lat' dir='ltr'>tale</span> <span class='ocrx_word' id='word_1_599' title='bbox 707 4110 748 4160; x_wconf 89' lang='lat' dir='ltr'>est</span> <span class='ocrx_word' id='word_1_600' title='bbox 760 4121 792 4161; x_wconf 86' lang='lat' dir='ltr'>ac</span> <span class='ocrx_word' id='word_1_601' title='bbox 803 4103 826 4160; x_wconf 92' lang='lat' dir='ltr'>si</span> <span class='ocrx_word' id='word_1_602' title='bbox 840 4103 912 4162; x_wconf 88' lang='lat' dir='ltr'>dica·</span> <span class='ocrx_word' id='word_1_603' title='bbox 967 4077 1018 4134; x_wconf 53' lang='grc' dir='ltr'>ΡΜ</span> <span class='ocrx_word' id='word_1_604' title='bbox 1039 4075 1157 4150; x_wconf 65' lang='lat' dir='ltr'>¹³P¹de¹¹¹</span> <span class='ocrx_word' id='word_1_605' title='bbox 1177 4091 1242 4134; x_wconf 52' lang='lat'>*⁶¹⁰</span> <span class='ocrx_word' id='word_1_606' title='bbox 1262 4074 1397 4132; x_wconf 67' lang='lat' dir='ltr'>mundum</span> <span class='ocrx_word' id='word_1_607' title='bbox 1420 4081 1501 4174; x_wconf 56' lang='lat' dir='ltr'>“iile</span> <span class='ocrx_word' id='word_1_608' title='bbox 1523 4067 1682 4168; x_wconf 52' lang='lat' dir='ltr'>fflndldilms</span> <span class='ocrx_word' id='word_1_609' title='bbox 1709 4080 1765 4138; x_wconf 70' lang='lat'>(1¹¹⁰</span> 
     </span>
     <span class='ocr_line' id='line_1_44' title="bbox 103 4155 1765 4265; baseline -0.022 -17"><span class='ocrx_word' id='word_1_610' title='bbox 103 4199 176 4248; x_wconf 88' lang='lat' dir='ltr'>tur:</span> <span class='ocrx_word' id='word_1_611' title='bbox 206 4190 340 4262; x_wconf 80' lang='lat' dir='ltr'>Apertum</span> <span class='ocrx_word' id='word_1_612' title='bbox 369 4197 410 4246; x_wconf 89' lang='lat' dir='ltr'>est</span> <span class='ocrx_word' id='word_1_613' title='bbox 438 4190 572 4264; x_wconf 90' lang='lat' dir='ltr'>templum</span> <span class='ocrx_word' id='word_1_614' title='bbox 598 4191 750 4249; x_wconf 74' lang='lat' dir='ltr'>Ecclesia:</span> <span class='ocrx_word' id='word_1_615' title='bbox 778 4193 912 4265; x_wconf 70' lang='lat' dir='ltr'>templum</span> <span class='ocrx_word' id='word_1_616' title='bbox 967 4175 1071 4241; x_wconf 87' lang='lat' dir='ltr'>septem</span> <span class='ocrx_word' id='word_1_617' title='bbox 1093 4166 1184 4239; x_wconf 91' lang='lat' dir='ltr'>angeli</span> <span class='ocrx_word' id='word_1_618' title='bbox 1200 4166 1293 4265; x_wconf 77' lang='lat' dir='ltr'>restiti</span> <span class='ocrx_word' id='word_1_619' title='bbox 1315 4165 1399 4222; x_wconf 88' lang='lat' dir='ltr'>luisse</span> <span class='ocrx_word' id='word_1_620' title='bbox 1414 4167 1556 4230; x_wconf 76' lang='lat' dir='ltr'>visisunt,</span> <span class='ocrx_word' id='word_1_621' title='bbox 1571 4155 1765 4256; x_wconf 79' lang='lat' dir='ltr'>Christusde-</span> 
     </span>
     <span class='ocr_line' id='line_1_45' title="bbox 103 4250 1764 4356; baseline -0.014 -20"><span class='ocrx_word' id='word_1_622' title='bbox 103 4295 175 4338; x_wconf 81' lang='lat' dir='ltr'>vero</span> <span class='ocrx_word' id='word_1_623' title='bbox 189 4279 321 4338; x_wconf 75' lang='lat' dir='ltr'>Ecclesia</span> <span class='ocrx_word' id='word_1_624' title='bbox 334 4280 401 4354; x_wconf 89' lang='lat' dir='ltr'>quid</span> <span class='ocrx_word' id='word_1_625' title='bbox 416 4290 457 4339; x_wconf 91' lang='lat' dir='ltr'>est</span> <span class='ocrx_word' id='word_1_626' title='bbox 480 4279 567 4349; x_wconf 89' lang='lat' dir='ltr'>aliud,</span> <span class='ocrx_word' id='word_1_627' title='bbox 583 4279 639 4337; x_wconf 89' lang='lat' dir='ltr'>nisi</span> <span class='ocrx_word' id='word_1_628' title='bbox 655 4282 773 4340; x_wconf 78' lang='lat' dir='ltr'>caelestis</span> <span class='ocrx_word' id='word_1_629' title='bbox 797 4283 913 4356; x_wconf 78' lang='lat' dir='ltr'>patriai</span> <span class='ocrx_word' id='word_1_630' title='bbox 968 4257 1103 4330; x_wconf 64' lang='lat' dir='ltr'>Sidssiilll»</span> <span class='ocrx_word' id='word_1_631' title='bbox 1123 4256 1157 4313; x_wconf 64' lang='lat' dir='ltr'>de</span> <span class='ocrx_word' id='word_1_632' title='bbox 1180 4273 1234 4329; x_wconf 92' lang='lat' dir='ltr'>quo</span> <span class='ocrx_word' id='word_1_633' title='bbox 1253 4255 1322 4313; x_wconf 66' lang='lat' dir='ltr'>dicii</span> <span class='ocrx_word' id='word_1_634' title='bbox 1335 4254 1500 4356; x_wconf 49' lang='lat' dir='ltr'>Alssilolust</span> <span class='ocrx_word' id='word_1_635' title='bbox 1515 4250 1657 4354; x_wconf 68' lang='lat' dir='ltr'>.‘⁰¹.¹¹n.⁰⁸</span> <span class='ocrx_word' id='word_1_636' title='bbox 1671 4263 1720 4322; x_wconf 74' lang='lat'><strong>&lt;111¹</strong></span> <span class='ocrx_word' id='word_1_637' title='bbox 1734 4263 1764 4304; x_wconf 85' lang='lat' dir='ltr'>tn</span> 
     </span>
     <span class='ocr_line' id='line_1_46' title="bbox 102 4339 1764 4442; baseline -0.016 -18"><span class='ocrx_word' id='word_1_638' title='bbox 102 4370 139 4427; x_wconf 89' lang='lat' dir='ltr'>ln</span> <span class='ocrx_word' id='word_1_639' title='bbox 154 4367 209 4427; x_wconf 87' lang='lat' dir='ltr'>hoc</span> <span class='ocrx_word' id='word_1_640' title='bbox 223 4369 328 4442; x_wconf 84' lang='lat' dir='ltr'>templo</span> <span class='ocrx_word' id='word_1_641' title='bbox 342 4368 489 4428; x_wconf 73' lang='lat' dir='ltr'>psalmista</span> <span class='ocrx_word' id='word_1_642' title='bbox 503 4367 628 4426; x_wconf 62' lang='lat' dir='ltr'>hahitare</span> <span class='ocrx_word' id='word_1_643' title='bbox 650 4368 833 4441; x_wconf 85' lang='lat' dir='ltr'>desiderabat,</span> <span class='ocrx_word' id='word_1_644' title='bbox 849 4387 912 4429; x_wconf 66' lang='lat' dir='ltr'>cum</span> <span class='ocrx_word' id='word_1_645' title='bbox 969 4347 1080 4407; x_wconf 86' lang='lat' dir='ltr'>Christo</span> <span class='ocrx_word' id='word_1_646' title='bbox 1100 4347 1230 4422; x_wconf 86' lang='lat' dir='ltr'>baptizati</span> <span class='ocrx_word' id='word_1_647' title='bbox 1251 4347 1327 4417; x_wconf 88' lang='lat' dir='ltr'>estis,</span> <span class='ocrx_word' id='word_1_648' title='bbox 1349 4345 1490 4404; x_wconf 83' lang='lat' dir='ltr'>Christum</span> <span class='ocrx_word' id='word_1_649' title='bbox 1513 4342 1645 4401; x_wconf 81' lang='lat' dir='ltr'>induistis</span> <span class='ocrx_word' id='word_1_650' title='bbox 1659 4339 1764 4414; x_wconf 82' lang='lat' dir='ltr'>(Galat.</span> 
     </span>
    </p>
   </div>
   <div class='ocr_carea' id='block_1_6' title="bbox 102 4429 1766 5441">
    <p class='ocr_par' dir='ltr' id='par_1_7' title="bbox 102 4429 1766 4896">
     <span class='ocr_line' id='line_1_47' title="bbox 102 4429 1766 4535; baseline -0.002 -14"><span class='ocrx_word' id='word_1_651' title='bbox 102 4459 242 4521; x_wconf 88' lang='lat' dir='ltr'>dicebat:</span> <span class='ocrx_word' id='word_1_652' title='bbox 267 4461 374 4519; x_wconf 75' lang='lat' dir='ltr'>-Unam</span> <span class='ocrx_word' id='word_1_653' title='bbox 396 4461 636 4535; x_wconf 87' lang='lat' dir='ltr'>petiiaDomino,</span> <span class='ocrx_word' id='word_1_654' title='bbox 661 4461 733 4519; x_wconf 86' lang='lat' dir='ltr'>hanc</span> <span class='ocrx_word' id='word_1_655' title='bbox 748 4461 910 4535; x_wconf 86' lang='lat' dir='ltr'>requiram;</span> <span class='ocrx_word' id='word_1_656' title='bbox 968 4455 1012 4506; x_wconf 77' lang='lat'>¹¹¹³</span> <span class='ocrx_word' id='word_1_657' title='bbox 1038 4437 1124 4510; x_wconf 69' lang='grc'>27)·’</span> <span class='ocrx_word' id='word_1_658' title='bbox 1149 4439 1201 4494; x_wconf 65' lang='lat' dir='ltr'>Pes</span> <span class='ocrx_word' id='word_1_659' title='bbox 1223 4453 1305 4496; x_wconf 55' lang='lat' dir='ltr'>2⁰¹¹ss</span> <span class='ocrx_word' id='word_1_660' title='bbox 1327 4443 1418 4494; x_wconf 50' lang='lat' dir='ltr'>autem</span> <span class='ocrx_word' id='word_1_661' title='bbox 1442 4449 1547 4502; x_wconf 49' lang='grc' dir='ltr'>ΕΜ»</span> <span class='ocrx_word' id='word_1_662' title='bbox 1568 4429 1669 4506; x_wconf 51' lang='lat' dir='ltr'><strong>quum</strong></span> <span class='ocrx_word' id='word_1_663' title='bbox 1691 4429 1766 4530; x_wconf 44' lang='lat' dir='ltr'>cim</span> 
     </span>
     <span class='ocr_line' id='line_1_48' title="bbox 102 4523 1766 4620; baseline -0.005 -36"><span class='ocrx_word' id='word_1_664' title='bbox 102 4559 140 4609; x_wconf 64' lang='lat' dir='ltr'>ui</span> <span class='ocrx_word' id='word_1_665' title='bbox 155 4548 310 4608; x_wconf 52' lang='lat' dir='ltr'>inhabitem</span> <span class='ocrx_word' id='word_1_666' title='bbox 324 4549 354 4606; x_wconf 65' lang='lat'>51,</span> <span class='ocrx_word' id='word_1_667' title='bbox 368 4551 451 4608; x_wconf 69' lang='lat' dir='ltr'><strong>domo</strong></span> <span class='ocrx_word' id='word_1_668' title='bbox 464 4549 576 4608; x_wconf 67' lang='lat' dir='ltr'>Domini</span> <span class='ocrx_word' id='word_1_669' title='bbox 590 4550 720 4608; x_wconf 64' lang='lat' dir='ltr'>omnibus</span> <span class='ocrx_word' id='word_1_670' title='bbox 736 4550 833 4608; x_wconf 61' lang='lat' dir='ltr'>diebu,</span> <span class='ocrx_word' id='word_1_671' title='bbox 848 4550 913 4608; x_wconf 50' lang='lat' dir='ltr'>,51ae</span> <span class='ocrx_word' id='word_1_672' title='bbox 970 4535 1079 4600; x_wconf 89' lang='lat' dir='ltr'>pectora</span> <span class='ocrx_word' id='word_1_673' title='bbox 1093 4526 1234 4600; x_wconf 88' lang='lat' dir='ltr'>praecincti</span> <span class='ocrx_word' id='word_1_674' title='bbox 1250 4533 1406 4594; x_wconf 88' lang='lat' dir='ltr'>narrantur,</span> <span class='ocrx_word' id='word_1_675' title='bbox 1422 4523 1635 4598; x_wconf 79' lang='lat' dir='ltr'>praedicatorum</span> <span class='ocrx_word' id='word_1_676' title='bbox 1651 4535 1766 4620; x_wconf 82' lang='lat' dir='ltr'>sapien-</span> 
     </span>
     <span class='ocr_line' id='line_1_49' title="bbox 103 4611 1766 4714; baseline -0.005 -40"><span class='ocrx_word' id='word_1_677' title='bbox 103 4655 178 4698; x_wconf 56' lang='grc' dir='ltr'><strong>Μ</strong></span> <span class='ocrx_word' id='word_1_678' title='bbox 195 4641 283 4713; x_wconf 47' lang='grc' dir='ltr'>(Μ,</span> <span class='ocrx_word' id='word_1_679' title='bbox 308 4655 388 4709; x_wconf 53' lang='lat' dir='ltr'>xm,</span> <span class='ocrx_word' id='word_1_680' title='bbox 408 4638 474 4714; x_wconf 55' lang='lat' dir='ltr'>gi,</span> <span class='ocrx_word' id='word_1_681' title='bbox 500 4640 558 4698; x_wconf 52' lang='grc' dir='ltr'>ΗΜ</span> <span class='ocrx_word' id='word_1_682' title='bbox 585 4640 678 4714; x_wconf 58' lang='lat' dir='ltr'>piaque</span> <span class='ocrx_word' id='word_1_683' title='bbox 705 4639 839 4714; x_wconf 53' lang='lat' dir='ltr'>tempium</span> <span class='ocrx_word' id='word_1_684' title='bbox 863 4657 912 4714; x_wconf 59' lang='lat' dir='ltr'>pe,</span> <span class='ocrx_word' id='word_1_685' title='bbox 966 4617 1004 4686; x_wconf 73' lang='lat' dir='ltr'>gia</span> <span class='ocrx_word' id='word_1_686' title='bbox 1023 4615 1185 4674; x_wconf 89' lang='lat' dir='ltr'>intimatur:</span> <span class='ocrx_word' id='word_1_687' title='bbox 1213 4632 1273 4690; x_wconf 79' lang='lat' dir='ltr'>qua</span> <span class='ocrx_word' id='word_1_688' title='bbox 1296 4614 1379 4674; x_wconf 89' lang='lat' dir='ltr'>corda</span> <span class='ocrx_word' id='word_1_689' title='bbox 1401 4622 1560 4672; x_wconf 90' lang='lat' dir='ltr'>sanctorum</span> <span class='ocrx_word' id='word_1_690' title='bbox 1583 4611 1656 4670; x_wconf 90' lang='lat' dir='ltr'>iutra</span> <span class='ocrx_word' id='word_1_691' title='bbox 1675 4626 1704 4668; x_wconf 90' lang='lat' dir='ltr'>se</span> <span class='ocrx_word' id='word_1_692' title='bbox 1727 4617 1766 4668; x_wconf 85' lang='lat' dir='ltr'>tta</span> 
     </span>
     <span class='ocr_line' id='line_1_50' title="bbox 103 4702 1766 4808; baseline -0.004 -42"><span class='ocrx_word' id='word_1_693' title='bbox 103 4730 254 4791; x_wconf 50' lang='lat' dir='ltr'>Christum</span> <span class='ocrx_word' id='word_1_694' title='bbox 277 4737 402 4805; x_wconf 55' lang='lat' dir='ltr'>,penum</span> <span class='ocrx_word' id='word_1_695' title='bbox 426 4739 477 4801; x_wconf 87' lang='lat' dir='ltr'>est,</span> <span class='ocrx_word' id='word_1_696' title='bbox 501 4731 566 4806; x_wconf 66' lang='lat' dir='ltr'>qui,</span> <span class='ocrx_word' id='word_1_697' title='bbox 587 4731 679 4788; x_wconf 56' lang='lat' dir='ltr'>,ditus</span> <span class='ocrx_word' id='word_1_698' title='bbox 692 4729 769 4805; x_wconf 63' lang='lat' dir='ltr'>regni</span> <span class='ocrx_word' id='word_1_699' title='bbox 791 4731 911 4790; x_wconf 48' lang='lat' dir='ltr'>,wimiis</span> <span class='ocrx_word' id='word_1_700' title='bbox 965 4707 1166 4808; x_wconf 66' lang='lat' dir='ltr'>concluditut</span> <span class='ocrx_word' id='word_1_701' title='bbox 1182 4716 1259 4765; x_wconf 86' lang='lat' dir='ltr'>extra</span> <span class='ocrx_word' id='word_1_702' title='bbox 1273 4705 1361 4781; x_wconf 89' lang='lat' dir='ltr'>ipsam</span> <span class='ocrx_word' id='word_1_703' title='bbox 1376 4721 1424 4779; x_wconf 88' lang='lat' dir='ltr'>per</span> <span class='ocrx_word' id='word_1_704' title='bbox 1436 4702 1561 4762; x_wconf 83' lang='lat' dir='ltr'>diversos</span> <span class='ocrx_word' id='word_1_705' title='bbox 1575 4717 1681 4761; x_wconf 88' lang='lat' dir='ltr'>errores</span> <span class='ocrx_word' id='word_1_706' title='bbox 1696 4717 1766 4760; x_wconf 82' lang='lat' dir='ltr'>era-</span> 
     </span>
     <span class='ocr_line' id='line_1_51' title="bbox 104 4806 1194 4896; baseline -0.005 -18"><span class='ocrx_word' id='word_1_707' title='bbox 104 4839 158 4896; x_wconf 88' lang='lat' dir='ltr'>per</span> <span class='ocrx_word' id='word_1_708' title='bbox 172 4837 237 4878; x_wconf 91' lang='lat' dir='ltr'>eum</span> <span class='ocrx_word' id='word_1_709' title='bbox 251 4821 382 4878; x_wconf 91' lang='lat' dir='ltr'>omnihus</span> <span class='ocrx_word' id='word_1_710' title='bbox 395 4819 523 4878; x_wconf 85' lang='lat' dir='ltr'>fidelihus</span> <span class='ocrx_word' id='word_1_711' title='bbox 538 4821 689 4894; x_wconf 77' lang='lat' dir='ltr'>patefactus</span> <span class='ocrx_word' id='word_1_712' title='bbox 703 4829 753 4880; x_wconf 90' lang='lat' dir='ltr'>est.</span> <span class='ocrx_word' id='word_1_713' title='bbox 966 4815 1025 4874; x_wconf 72' lang='lat'>8³¹¹</span> <span class='ocrx_word' id='word_1_714' title='bbox 1040 4814 1096 4856; x_wconf 71' lang='lat' dir='ltr'>¹¹⁰ss</span> <span class='ocrx_word' id='word_1_715' title='bbox 1112 4806 1194 4856; x_wconf 46' lang='lat'><strong>⁵¹⁰²&amp;</strong></span> 
     </span>
    </p>

    <p class='ocr_par' dir='ltr' id='par_1_8' title="bbox 103 4909 1766 5441">
     <span class='ocr_line' id='line_1_52' title="bbox 146 4909 1765 4990; baseline -0.005 -17"><span class='ocrx_word' id='word_1_716' title='bbox 146 4914 241 4987; x_wconf 86' lang='lat' dir='ltr'>(Vera.</span> <span class='ocrx_word' id='word_1_717' title='bbox 255 4915 296 4987; x_wconf 89' lang='grc'>6.)</span> <span class='ocrx_word' id='word_1_718' title='bbox 310 4917 347 4972; x_wconf 81' lang='lat' dir='ltr'>Et</span> <span class='ocrx_word' id='word_1_719' title='bbox 361 4914 484 4971; x_wconf 58' lang='lat' dir='ltr'>exerant</span> <span class='ocrx_word' id='word_1_720' title='bbox 497 4923 593 4989; x_wconf 87' lang='lat' dir='ltr'>septem</span> <span class='ocrx_word' id='word_1_721' title='bbox 606 4917 703 4989; x_wconf 79' lang='lat' dir='ltr'>augeli,</span> <span class='ocrx_word' id='word_1_722' title='bbox 725 4916 845 4974; x_wconf 79' lang='lat' dir='ltr'>hahentes</span> <span class='ocrx_word' id='word_1_723' title='bbox 858 4933 912 4990; x_wconf 87' lang='lat' dir='ltr'>sep·</span> <span class='ocrx_word' id='word_1_724' title='bbox 1002 4917 1040 4973; x_wconf 82' lang='lat' dir='ltr'>Et</span> <span class='ocrx_word' id='word_1_725' title='bbox 1051 4931 1132 4971; x_wconf 80' lang='lat' dir='ltr'>soom</span> <span class='ocrx_word' id='word_1_726' title='bbox 1147 4919 1288 4986; x_wconf 83' lang='lat' dir='ltr'>equatuor</span> <span class='ocrx_word' id='word_1_727' title='bbox 1310 4910 1472 4970; x_wconf 80' lang='lat' dir='ltr'>animalibus</span> <span class='ocrx_word' id='word_1_728' title='bbox 1492 4909 1565 4968; x_wconf 86' lang='lat' dir='ltr'>dedit</span> <span class='ocrx_word' id='word_1_729' title='bbox 1583 4915 1677 4984; x_wconf 85' lang='lat' dir='ltr'>septem</span> <span class='ocrx_word' id='word_1_730' title='bbox 1689 4925 1765 4982; x_wconf 82' lang='lat' dir='ltr'>cape·</span> 
     </span>
     <span class='ocr_line' id='line_1_53' title="bbox 106 5002 1766 5081; baseline -0.001 -21"><span class='ocrx_word' id='word_1_731' title='bbox 106 5012 161 5060; x_wconf 86' lang='lat' dir='ltr'>tem</span> <span class='ocrx_word' id='word_1_732' title='bbox 173 5005 270 5076; x_wconf 82' lang='lat' dir='ltr'>plagas</span> <span class='ocrx_word' id='word_1_733' title='bbox 282 5004 314 5062; x_wconf 86' lang='lat' dir='ltr'>de</span> <span class='ocrx_word' id='word_1_734' title='bbox 327 5005 432 5078; x_wconf 86' lang='lat' dir='ltr'>teruplo,</span> <span class='ocrx_word' id='word_1_735' title='bbox 447 5005 533 5062; x_wconf 87' lang='lat' dir='ltr'>vestiti</span> <span class='ocrx_word' id='word_1_736' title='bbox 549 5005 636 5078; x_wconf 83' lang='lat' dir='ltr'>lapide</span> <span class='ocrx_word' id='word_1_737' title='bbox 645 5006 743 5062; x_wconf 80' lang='lat' dir='ltr'>merida</span> <span class='ocrx_word' id='word_1_738' title='bbox 755 5007 912 5077; x_wconf 85' lang='lat' dir='ltr'>clcondido,</span> <span class='ocrx_word' id='word_1_739' title='bbox 969 5008 1002 5065; x_wconf 83' lang='lat' dir='ltr'>lis</span> <span class='ocrx_word' id='word_1_740' title='bbox 1015 5014 1109 5081; x_wconf 85' lang='lat' dir='ltr'>septem</span> <span class='ocrx_word' id='word_1_741' title='bbox 1129 5007 1236 5081; x_wconf 81' lang='lat' dir='ltr'>phialas</span> <span class='ocrx_word' id='word_1_742' title='bbox 1258 5003 1366 5076; x_wconf 75' lang='lat' dir='ltr'>aureas,</span> <span class='ocrx_word' id='word_1_743' title='bbox 1387 5008 1482 5080; x_wconf 80' lang='lat' dir='ltr'>plenos</span> <span class='ocrx_word' id='word_1_744' title='bbox 1499 5005 1647 5063; x_wconf 80' lang='lat' dir='ltr'>iroorrcdioe</span> <span class='ocrx_word' id='word_1_745' title='bbox 1660 5003 1710 5061; x_wconf 81' lang='lat' dir='ltr'>Dei</span> <span class='ocrx_word' id='word_1_746' title='bbox 1727 5002 1766 5058; x_wconf 86' lang='lat' dir='ltr'>oi·</span> 
     </span>
     <span class='ocr_line' id='line_1_54' title="bbox 104 5093 1764 5168; baseline -0.004 -16"><span class='ocrx_word' id='word_1_747' title='bbox 104 5099 133 5152; x_wconf 83' lang='lat' dir='ltr'>ct</span> <span class='ocrx_word' id='word_1_748' title='bbox 145 5093 283 5166; x_wconf 79' lang='lat' dir='ltr'>precincti</span> <span class='ocrx_word' id='word_1_749' title='bbox 303 5095 375 5150; x_wconf 87' lang='lat' dir='ltr'>circo</span> <span class='ocrx_word' id='word_1_750' title='bbox 395 5101 504 5168; x_wconf 85' lang='lat' dir='ltr'>pectora</span> <span class='ocrx_word' id='word_1_751' title='bbox 527 5095 603 5150; x_wconf 77' lang='lat' dir='ltr'>sonis</span> <span class='ocrx_word' id='word_1_752' title='bbox 617 5096 717 5153; x_wconf 85' lang='lat' dir='ltr'>aureis.</span> <span class='ocrx_word' id='word_1_753' title='bbox 738 5095 767 5152; x_wconf 93' lang='lat' dir='ltr'>Si</span> <span class='ocrx_word' id='word_1_754' title='bbox 783 5111 831 5168; x_wconf 90' lang='lat' dir='ltr'>per</span> <span class='ocrx_word' id='word_1_755' title='bbox 845 5105 913 5152; x_wconf 92' lang='lat' dir='ltr'>tem.</span> <span class='ocrx_word' id='word_1_756' title='bbox 968 5097 1050 5153; x_wconf 83' lang='lat' dir='ltr'>scotis</span> <span class='ocrx_word' id='word_1_757' title='bbox 1064 5097 1093 5152; x_wconf 87' lang='lat' dir='ltr'>in</span> <span class='ocrx_word' id='word_1_758' title='bbox 1107 5098 1202 5153; x_wconf 79' lang='lat' dir='ltr'>sarculo</span> <span class='ocrx_word' id='word_1_759' title='bbox 1214 5098 1379 5154; x_wconf 72' lang='lat' dir='ltr'>cerebrum.</span> <span class='ocrx_word' id='word_1_760' title='bbox 1393 5095 1517 5164; x_wconf 88' lang='lat' dir='ltr'>Quatuor</span> <span class='ocrx_word' id='word_1_761' title='bbox 1526 5093 1656 5152; x_wconf 88' lang='lat' dir='ltr'>animalia</span> <span class='ocrx_word' id='word_1_762' title='bbox 1669 5105 1764 5164; x_wconf 90' lang='lat' dir='ltr'>quam·</span> 
     </span>
     <span class='ocr_line' id='line_1_55' title="bbox 103 5179 1763 5261; baseline -0.002 -20"><span class='ocrx_word' id='word_1_763' title='bbox 103 5185 188 5258; x_wconf 89' lang='lat' dir='ltr'>plum</span> <span class='ocrx_word' id='word_1_764' title='bbox 203 5183 323 5243; x_wconf 80' lang='lat' dir='ltr'>celestis</span> <span class='ocrx_word' id='word_1_765' title='bbox 338 5185 437 5258; x_wconf 90' lang='lat' dir='ltr'>patria,</span> <span class='ocrx_word' id='word_1_766' title='bbox 466 5193 493 5243; x_wconf 89' lang='lat' dir='ltr'>et</span> <span class='ocrx_word' id='word_1_767' title='bbox 508 5201 556 5259; x_wconf 89' lang='lat' dir='ltr'>per</span> <span class='ocrx_word' id='word_1_768' title='bbox 580 5193 683 5259; x_wconf 92' lang='lat' dir='ltr'>septem</span> <span class='ocrx_word' id='word_1_769' title='bbox 709 5187 820 5258; x_wconf 88' lang='lat' dir='ltr'>angelos</span> <span class='ocrx_word' id='word_1_770' title='bbox 839 5203 914 5259; x_wconf 81' lang='lat' dir='ltr'>prm·</span> <span class='ocrx_word' id='word_1_771' title='bbox 969 5189 1012 5245; x_wconf 82' lang='lat' dir='ltr'>ris</span> <span class='ocrx_word' id='word_1_772' title='bbox 1026 5195 1144 5261; x_wconf 90' lang='lat' dir='ltr'>quatuor</span> <span class='ocrx_word' id='word_1_773' title='bbox 1163 5187 1343 5260; x_wconf 87' lang='lat' dir='ltr'>evangelistas</span> <span class='ocrx_word' id='word_1_774' title='bbox 1355 5186 1522 5260; x_wconf 89' lang='lat' dir='ltr'>significent,</span> <span class='ocrx_word' id='word_1_775' title='bbox 1536 5191 1628 5242; x_wconf 74' lang='lat' dir='ltr'>umen</span> <span class='ocrx_word' id='word_1_776' title='bbox 1638 5188 1665 5237; x_wconf 90' lang='lat' dir='ltr'>et</span> <span class='ocrx_word' id='word_1_777' title='bbox 1680 5179 1763 5237; x_wconf 76' lang='lat' dir='ltr'>umul</span> 
     </span>
     <span class='ocr_line' id='line_1_56' title="bbox 104 5268 1766 5354; baseline -0.003 -22"><span class='ocrx_word' id='word_1_778' title='bbox 104 5276 250 5332; x_wconf 88' lang='lat' dir='ltr'>dicatores</span> <span class='ocrx_word' id='word_1_779' title='bbox 264 5275 454 5350; x_wconf 85' lang='lat' dir='ltr'>designantur,</span> <span class='ocrx_word' id='word_1_780' title='bbox 481 5275 621 5354; x_wconf 89' lang='lat' dir='ltr'>quomodo</span> <span class='ocrx_word' id='word_1_781' title='bbox 640 5276 673 5333; x_wconf 92' lang='lat' dir='ltr'>de</span> <span class='ocrx_word' id='word_1_782' title='bbox 689 5277 793 5350; x_wconf 90' lang='lat' dir='ltr'>templo</span> <span class='ocrx_word' id='word_1_783' title='bbox 814 5276 915 5334; x_wconf 81' lang='lat' dir='ltr'>exiisse</span> <span class='ocrx_word' id='word_1_784' title='bbox 969 5283 997 5333; x_wconf 89' lang='lat' dir='ltr'>et</span> <span class='ocrx_word' id='word_1_785' title='bbox 1018 5276 1160 5350; x_wconf 87' lang='lat' dir='ltr'>sigillatim</span> <span class='ocrx_word' id='word_1_786' title='bbox 1183 5276 1324 5336; x_wconf 89' lang='lat' dir='ltr'>Christum</span> <span class='ocrx_word' id='word_1_787' title='bbox 1352 5275 1525 5349; x_wconf 86' lang='lat' dir='ltr'>significant:</span> <span class='ocrx_word' id='word_1_788' title='bbox 1549 5273 1597 5330; x_wconf 87' lang='lat' dir='ltr'>sed</span> <span class='ocrx_word' id='word_1_789' title='bbox 1614 5269 1679 5346; x_wconf 89' lang='lat' dir='ltr'>quia</span> <span class='ocrx_word' id='word_1_790' title='bbox 1697 5268 1766 5327; x_wconf 86' lang='lat' dir='ltr'>bre-</span> 
     </span>
     <span class='ocr_line' id='line_1_57' title="bbox 105 5356 1764 5441; baseline -0.003 -20"><span class='ocrx_word' id='word_1_791' title='bbox 105 5363 269 5424; x_wconf 71' lang='lat' dir='ltr'>dicuntur?</span> <span class='ocrx_word' id='word_1_792' title='bbox 284 5363 428 5440; x_wconf 85' lang='lat' dir='ltr'>Numquid</span> <span class='ocrx_word' id='word_1_793' title='bbox 441 5363 529 5421; x_wconf 88' lang='lat' dir='ltr'>sancti</span> <span class='ocrx_word' id='word_1_794' title='bbox 546 5363 579 5422; x_wconf 93' lang='lat' dir='ltr'>de</span> <span class='ocrx_word' id='word_1_795' title='bbox 592 5365 641 5422; x_wconf 90' lang='lat' dir='ltr'>illa</span> <span class='ocrx_word' id='word_1_796' title='bbox 655 5365 760 5424; x_wconf 72' lang='lat' dir='ltr'>coelesti</span> <span class='ocrx_word' id='word_1_797' title='bbox 779 5365 866 5439; x_wconf 87' lang='lat' dir='ltr'>patria</span> <span class='ocrx_word' id='word_1_798' title='bbox 880 5365 915 5422; x_wconf 90' lang='lat' dir='ltr'>ad</span> <span class='ocrx_word' id='word_1_799' title='bbox 971 5365 1043 5424; x_wconf 79' lang='lat' dir='ltr'>ritas</span> <span class='ocrx_word' id='word_1_800' title='bbox 1070 5383 1126 5425; x_wconf 90' lang='lat' dir='ltr'>non</span> <span class='ocrx_word' id='word_1_801' title='bbox 1158 5365 1295 5441; x_wconf 91' lang='lat' dir='ltr'>permittit</span> <span class='ocrx_word' id='word_1_802' title='bbox 1322 5375 1354 5424; x_wconf 89' lang='lat' dir='ltr'>ut</span> <span class='ocrx_word' id='word_1_803' title='bbox 1379 5366 1503 5424; x_wconf 86' lang='lat' dir='ltr'>dicamus</span> <span class='ocrx_word' id='word_1_804' title='bbox 1533 5356 1764 5437; x_wconf 86' lang='lat' dir='ltr'>quemadmodum</span> 
     </span>
    </p>
   </div>
   <div class='ocr_carea' id='block_1_7' title="bbox 112 5514 1766 5740">
    <p class='ocr_par' dir='ltr' id='par_1_9' title="bbox 112 5514 1766 5740">
     <span class='ocr_line' id='line_1_58' title="bbox 119 5514 1766 5598; baseline 0 -24"><span class='ocrx_word' id='word_1_805' title='bbox 119 5591 124 5598; x_wconf 20' lang='grc' dir='ltr'><strong>μ</strong></span> <span class='ocrx_word' id='word_1_806' title='bbox 151 5517 211 5598; x_wconf 73' lang='grc'>(38)</span> <span class='ocrx_word' id='word_1_807' title='bbox 223 5517 263 5574; x_wconf 90' lang='lat' dir='ltr'>lta</span> <span class='ocrx_word' id='word_1_808' title='bbox 276 5533 342 5574; x_wconf 89' lang='lat' dir='ltr'>mss.</span> <span class='ocrx_word' id='word_1_809' title='bbox 357 5537 363 5586; x_wconf 88' lang='lat'>;</span> <span class='ocrx_word' id='word_1_810' title='bbox 378 5517 446 5573; x_wconf 90' lang='lat' dir='ltr'>edit.</span> <span class='ocrx_word' id='word_1_811' title='bbox 462 5533 538 5586; x_wconf 86' lang='lat' dir='ltr'>vero,</span> <span class='ocrx_word' id='word_1_812' title='bbox 553 5517 719 5576; x_wconf 82' lang='lat' dir='ltr'>describitur.</span> <span class='ocrx_word' id='word_1_813' title='bbox 737 5519 787 5577; x_wconf 86' lang='lat' dir='ltr'>Sed</span> <span class='ocrx_word' id='word_1_814' title='bbox 800 5519 916 5592; x_wconf 77' lang='lat' dir='ltr'>qualiter</span> <span class='ocrx_word' id='word_1_815' title='bbox 970 5526 1007 5576; x_wconf 85' lang='lat' dir='ltr'>est</span> <span class='ocrx_word' id='word_1_816' title='bbox 1021 5521 1144 5592; x_wconf 79' lang='lat' dir='ltr'>templum</span> <span class='ocrx_word' id='word_1_817' title='bbox 1155 5521 1298 5578; x_wconf 71' lang='lat' dir='ltr'>nectale:</span> <span class='ocrx_word' id='word_1_818' title='bbox 1319 5519 1463 5590; x_wconf 83' lang='lat' dir='ltr'>Templum,</span> <span class='ocrx_word' id='word_1_819' title='bbox 1478 5524 1529 5576; x_wconf 86' lang='lat' dir='ltr'>ete.</span> <span class='ocrx_word' id='word_1_820' title='bbox 1544 5515 1597 5574; x_wconf 88' lang='lat' dir='ltr'>Sed</span> <span class='ocrx_word' id='word_1_821' title='bbox 1616 5530 1682 5574; x_wconf 85' lang='lat' dir='ltr'>mss.</span> <span class='ocrx_word' id='word_1_822' title='bbox 1698 5514 1766 5576; x_wconf 87' lang='lat' dir='ltr'>hta-</span> 
     </span>
     <span class='ocr_line' id='line_1_59' title="bbox 112 5589 1450 5664; baseline 0.004 -19"><span class='ocrx_word' id='word_1_823' title='bbox 112 5594 196 5646; x_wconf 81' lang='lat' dir='ltr'>asta...</span> <span class='ocrx_word' id='word_1_824' title='bbox 211 5589 339 5659; x_wconf 65' lang='lat' dir='ltr'>eleemos,</span> <span class='ocrx_word' id='word_1_825' title='bbox 353 5589 471 5646; x_wconf 72' lang='lat' dir='ltr'>mandem</span> <span class='ocrx_word' id='word_1_826' title='bbox 484 5604 590 5645; x_wconf 75' lang='lat' dir='ltr'>sessum</span> <span class='ocrx_word' id='word_1_827' title='bbox 604 5591 728 5647; x_wconf 82' lang='lat' dir='ltr'>secuturi.</span> <span class='ocrx_word' id='word_1_828' title='bbox 972 5599 1030 5648; x_wconf 88' lang='lat' dir='ltr'>tum</span> <span class='ocrx_word' id='word_1_829' title='bbox 1046 5593 1208 5664; x_wconf 87' lang='lat' dir='ltr'>resarciunt,</span> <span class='ocrx_word' id='word_1_830' title='bbox 1223 5601 1254 5650; x_wconf 87' lang='lat' dir='ltr'>ut</span> <span class='ocrx_word' id='word_1_831' title='bbox 1264 5591 1294 5648; x_wconf 92' lang='lat' dir='ltr'>in</span> <span class='ocrx_word' id='word_1_832' title='bbox 1307 5595 1450 5654; x_wconf 80' lang='lat' dir='ltr'>contextu.</span> 
     </span>
     <span class='ocr_line' id='line_1_60' title="bbox 155 5659 916 5740; baseline 0.003 -22"><span class='ocrx_word' id='word_1_833' title='bbox 155 5659 214 5735; x_wconf 82' lang='lat'><strong>(³9)</strong></span> <span class='ocrx_word' id='word_1_834' title='bbox 239 5661 342 5722; x_wconf 84' lang='lat' dir='ltr'>Omnes</span> <span class='ocrx_word' id='word_1_835' title='bbox 374 5659 454 5732; x_wconf 66' lang='lat' dir='ltr'>edil„</span> <span class='ocrx_word' id='word_1_836' title='bbox 484 5659 555 5732; x_wconf 82' lang='lat' dir='ltr'>Quid</span> <span class='ocrx_word' id='word_1_837' title='bbox 587 5661 670 5736; x_wconf 69' lang='lat' dir='ltr'>iader</span> <span class='ocrx_word' id='word_1_838' title='bbox 694 5661 768 5736; x_wconf 79' lang='lat' dir='ltr'>dicit,</span> <span class='ocrx_word' id='word_1_839' title='bbox 795 5669 916 5740; x_wconf 84' lang='lat' dir='ltr'>opertum</span> 
     </span>
    </p>
   </div>
   <div class='ocr_carea' id='block_1_8' title="bbox 0 0 2024 6164">
    <p class='ocr_par' dir='ltr' id='par_1_10' title="bbox 0 0 2024 6164">
     <span class='ocr_line' id='line_1_61' title="bbox 0 0 2024 6164; baseline 0 0"><span class='ocrx_word' id='word_1_840' title='bbox 0 0 2024 6164; x_wconf 95' lang='lat' dir='ltr'> </span> 
     </span>
    </p>
   </div>
  </div>
 </body>
</html>
