4094 6182
237 281 310 353 aso
740 286 789 343 an
808 285 925 342 ornan
943 281 971 338 o.
992 277 1157 338 anrnrrosn
1177 277 1364 336 nrnnnnrx.
1823 273 1875 334 ato

238 417 317 484 scire,
328 411 451 472 nondum
459 409 954 485 cognovitquemadmodumoportcat
965 421 1027 462 eum
1042 409 1066 466 Α
1084 407 1184 460 t'crnm
1201 411 1251 470 ost,
1269 404 1332 475 aquia
1347 417 1401 456 non
1416 397 1478 456 ideo
1496 397 1552 455 Deo
1564 397 1733 470 placebimus
1746 397 1768 452 ai
1783 399 1879 454 omnio

238 505 317 564 scire.
334 529 343 553 ·
364 505 419 560 Eos
432 501 506 575 ipsos
523 501 570 576 qni
586 499 741 558 inscientia
757 496 918 568 gloriantur,
934 503 1031 551 osten·
1085 494 1241 549 ederimus:
1264 499 1311 547 ont
1331 490 1500 546 ollendcnrus
1522 489 1545 544 si
1569 488 1661 559 aliqua
1682 488 1878 558 contempseri-

239 594 280 650 dit
304 609 360 649 non
385 591 423 650 ita
446 590 617 664 cognovisse,
642 589 712 645 siout
738 583 957 657 cognoscendum
979 588 1029 639 est.
1085 597 1156 638 urus.
1187 605 1197 630 ι
1222 583 1314 653 Neque
1337 581 1411 636 enirn
1439 580 1462 636 si
1485 577 1631 645 ederimus,
1654 575 1876 644 abundabimus;

239 684 310 738 Dum
335 681 409 738 enim
432 679 685 752 charitatemque
701 681 787 732 mater
800 673 924 731 omniurn
948 671 1031 728 bono·

239 787 300 827 rum
316 779 366 839 est,
383 786 438 826 non
458 777 606 836 sectantur,
624 783 680 824 non
702 767 797 824 sciunt
818 765 891 822 sicut
913 769 1029 835 oportet.

239 863 274 918 Ut
289 877 353 932 ergo
367 859 482 916 scientia
495 858 617 916 fructum
636 855 736 916 habere
751 855 848 930 possit,
862 854 989 912 charitati
1002 867 1032 912 se

244 949 320 1008 lebes
333 947 477 1019 subjicere.
926 990 928 1000 .

275 1037 366 1108 (νοτε.
378 1033 418 1108 3.)
437 1033 485 1092 «Si
495 1049 561 1091 vero
572 1033 634 1108 quis
643 1033 838 1106 diligitilenm,
850 1031 898 1091 hic
907 1032 1033 1106 cognitus

248 1133 280 1184 tst
294 1123 328 1180 ab
342 1141 384 1181 eo.
400 1147 410 1172 ι
431 1123 483 1180 Hic
507 1122 597 1196 diligit
612 1125 710 1191 Deum,
726 1123 773 1198 qui
795 1122 938 1180 charitatis
952 1137 1034 1178 causa

240 1215 384 1271 scientiam
400 1214 508 1288 mitigat
521 1220 553 1271 ot
568 1215 655 1288 prosit
669 1214 758 1285 fratri,
774 1229 824 1287 ρτο
839 1229 893 1286 quo
908 1211 1033 1270 Christus

240 1313 427 1374 mortunsest.

276 1394 367 1466 (νοτε.
383 1395 423 1467 l.)
448 1396 510 1452 ·ne
524 1394 593 1454 cibis
607 1393 692 1468 igitur
705 1394 860 1453 simulacris
873 1394 1031 1451 immolato-

240 1485 301 1540 ruln
327 1485 427 1555 (tillia
459 1485 538 1541 Nunc
563 1501 672 1542 cansam
699 1486 785 1558 ipsam
810 1492 970 1557 pertractat,
1002 1491 1033 1541 nt

241 1575 366 1631 ostendat
388 1591 436 1648 per
464 1575 598 1634 rationem
624 1577 767 1634 scientiam
795 1593 852 1633 non
865 1577 955 1632 solum
978 1590 1034 1631 non

240 1666 382 1736 proficere,
419 1667 550 1724 charitate
592 1676 758 1740 contempta,
793 1668 840 1725 sed
873 1675 899 1722 et
931 1665 1032 1722 obesse.

1086 685 1174 743 neque
1194 671 1218 726 si
1240 686 1296 726 non
1310 669 1457 736 ederimus,
1481 664 1693 724 dacrrtnobis..
1715 663 1881 738 Contempta

1086 761 1158 816 enirn
1184 758 1382 816 sacrificiorum
1404 773 1475 824 esca,
1496 773 1551 813 non
1576 756 1672 828 utique
1696 753 1782 812 deerit
1804 753 1880 827 quod

1086 851 1201 918 edatur3
1220 850 1243 906 ai
1259 857 1348 906 curtem
1362 855 1472 918 sumpta
1487 847 1581 916 luerit,
1596 863 1651 903 non
1664 844 1826 914 abundabit,
1840 845 1881 904 ils

1086 947 1118 996 ut
1137 939 1209 996 nibil
1234 938 1408 1011 requiratur:
1431 949 1464 992 sc
1488 949 1536 1008 per
1551 933 1605 991 hoc
1624 933 1797 1005 abjicienda;
1814 932 1881 1006 qnia

1088 1043 1174 1101 noque
1195 1027 1254 1084 sine
1275 1026 1323 1082 illa
1337 1041 1392 1083 non
1406 1023 1513 1082 vivitur
1525 1029 1554 1081 et
1567 1021 1725 1080 wmdslum
1747 1021 1881 1078 iratribus

1087 1128 1141 1176 est.

1123 1207 1214 1280 (νοτε.
1232 1207 1273 1279 9.)
1302 1231 1312 1255 ι
1331 1205 1401 1264 Vide
1415 1212 1506 1262 tamen
1529 1219 1564 1261 ne
1578 1203 1650 1262 forts
1664 1201 1776 1261 licentia
1789 1209 1882 1258 uestra

1088 1298 1202 1354 oliensio
1216 1296 1263 1353 irat
1278 1295 1406 1352 inllrmis.
1421 1319 1432 1344 ι
1451 1295 1509 1351 ΙΙοο
1519 1303 1568 1362 ost,
1582 1309 1618 1350 ne
1631 1292 1696 1365 quia
1706 1292 1788 1348 licere
1801 1289 1882 1348 vobis

1089 1386 1167 1442 edere
1179 1401 1286 1441 carnem
1302 1385 1336 1441 de
1350 1383 1485 1442 sacrificio
1498 1383 1602 1452 dicitis,
1617 1397 1664 1454 per
1680 1380 1709 1439 id
1723 1379 1796 1454 quod
1808 1378 1883 1436 nihil

1088 1490 1146 1530 esse
1165 1474 1270 1529 idolum
1288 1473 1375 1538 scitis,
1390 1471 1569 1529 offensionem
1593 1470 1727 1544 generetis
1739 1468 1883 1540 iratribus,

1089 1563 1135 1635 qui
1151 1563 1276 1618 nesciunt
1290 1561 1381 1620 adhuc
1393 1561 1457 1634 quia
1471 1560 1542 1617 nihil
1559 1569 1599 1617 est
1613 1560 1730 1618 idolum.

1125 1652 1215 1724 (Vera.
1237 1651 1293 1724 to.)
1325 1675 1334 1698 ι
1349 1651 1377 1708 Si
1392 1651 1466 1707 errirn
1481 1651 1543 1723 quis
1557 1649 1659 1707 viderit
1672 1665 1746 1717 eum,
1761 1647 1809 1721 qui
1828 1645 1884 1704 ha-

248 1755 380 1810 «Scjmus
402 1755 466 1828 quia
481 1756 552 1812 nihil
568 1763 608 1812 est
631 1757 820 1826 simulacrum,
836 1763 863 1812 el
877 1755 940 1829 quia
955 1763 1071 1823 nemoss
1087 1743 1134 1800 bct
1148 1745 1288 1801 scientiam
1310 1744 1340 1799 in
1363 1743 1448 1799 idolio
1462 1741 1676 1806 recumbentem,
1696 1753 1788 1795 nonne
1810 1753 1885 1794 wli·

239 1845 323 1912 naus,
350 1841 404 1898 nisi
428 1860 535 1901 unus.»
556 1843 660 1902 Verum
684 1854 747 1914 est;
773 1842 845 1918 apud
867 1841 1037 1902 Christianos

240 1931 314 1988 enirn
327 1949 400 1988 unus
414 1941 454 1989 est
468 1935 549 1990 Dens.

277 2021 368 2092 (νοτε.
385 2021 424 2094 5.)
447 2045 457 2068 ‹
472 2022 548 2080 Licet
561 2023 617 2080 sint
631 2022 812 2097 qnidicantnr
826 2022 866 2080 dii
879 2027 906 2080 et
919 2019 1036 2093 domini,

241 2109 340 2167 sivein
354 2111 435 2179 ooelo,
450 2111 509 2168 sive
524 2111 553 2167 in
569 2119 650 2168 terra.
667 2138 676 2162 ›
698 2115 722 2168 A
742 2114 853 2184 paganis
867 2111 941 2168 onim
956 2119 983 2168 et
996 2110 1037 2167 sol

242 2208 270 2256 et
283 2201 348 2256 luna
372 2210 398 2256 et
422 2208 519 2258 caetera
537 2201 627 2258 sidera
643 2201 684 2258 dii
703 2204 825 2258 caelestes
843 2202 991 2258 dIcuntur:
1007 2201 1037 2256 in

241 2297 313 2346 terra
339 2289 509 2363 Apollinem,
536 2291 736 2364 AEsculapium,
762 2291 917 2360 Herculem,
940 2290 1038 2348 lliner·

242 2394 304 2436 vam
320 2376 385 2436 deos
401 2378 499 2436 dicunt
510 2386 537 2434 et
552 2379 690 2436 dominos.

279 2467 427 2542 (Veroli.)
459 2467 567 2525 «Nobis
593 2478 684 2524 nmen
699 2483 770 2524 nnus
793 2467 866 2524 Dens
889 2467 978 2537 Pater,
1002 2479 1038 2524 ex

243 2571 299 2624 quo
313 2554 416 2624 omnia,
441 2563 469 2610 et
492 2571 543 2611 nou
558 2554 588 2610 in
611 2555 696 2610 illo·
723 2554 822 2611 Omnia
845 2555 918 2610 enim
940 2569 974 2610 ex
990 2553 1038 2611 illo

243 2660 356 2718 quaeque
371 2653 446 2712 sunt,
469 2641 627 2716 ubicunque
643 2651 717 2700 sunt.
744 2643 812 2700 Cum
834 2653 924 2700 autem
950 2643 1036 2700 dicit:

250 2731 309 2788 «Et
324 2748 374 2789 nos
389 2732 418 2789 in
433 2732 493 2803 illo,
508 2757 519 2781 ι
540 2732 671 2790 discrevit
685 2749 735 2790 nos
750 2749 766 2787 a
779 2733 896 2802 caeteris,
915 2732 1037 2806 quicum

243 2836 278 2876 er
302 2819 352 2877 illo
374 2821 440 2889 sint,
455 2837 512 2878 non
533 2829 624 2878 tamen
651 2829 715 2879 sunt
739 2821 768 2878 in
791 2822 850 2890 illo,
867 2821 932 2879 dum
948 2822 1039 2879 adhuc

244 2924 300 2964 non
315 2907 440 2964 credunt.
467 2931 477 2955 ι
493 2909 529 2964 Et
545 2925 618 2966 unus
642 2909 778 2965 Dominus
791 2911 879 2978 lesus,
894 2927 941 2983 per
957 2927 1037 2984 quern

1091 1833 1205 1890 scientia
1222 1832 1291 1904 ejus,
1307 1849 1369 1890 cum
1384 1833 1420 1888 sit
1435 1831 1553 1902 infirma,
1569 1828 1750 1888 aedificabitur
1760 1827 1794 1884 ad
1807 1841 1884 1882 man·

1092 1923 1247 1979 ducandum
1267 1922 1302 1978 de
1321 1921 1500 1980 simulacris?
1521 1945 1532 1971 ι
1560 1920 1617 1976 lloc
1638 1918 1701 1975 ideo
1718 1915 1802 1984 dixit,
1819 1914 1887 1988 quis

1093 2011 1189 2066 videns
1210 2011 1271 2083 quis
1294 2011 1405 2066 fratrent
1423 2009 1540 2083 prerilum
1561 1993 1590 2065 in
1612 2006 1699 2062 idolio
1723 2005 1884 2072 invitatum,

1093 2099 1294 2156 recumbentem
1310 2099 1388 2157 edere
1402 2116 1496 2157 carnos
1512 2097 1719 2164 sacrificiorum,
1735 2100 1812 2166 putat
1825 2093 1887 2150 illic

1093 2205 1149 2244 esse
1164 2189 1269 2261 aliquid
1284 2189 1387 2260 qratia,
1403 2196 1430 2245 et
1444 2188 1542 2261 incipit
1557 2187 1640 2243 etiam
1656 2186 1713 2258 ipse
1727 2183 1807 2240 edere
1820 2198 1887 2240 car-

1093 2293 1142 2335 nea
1169 2277 1377 2347 sacrificiorum,
1402 2294 1458 2335 non
1483 2278 1532 2334 illa
1554 2272 1733 2342 conscientia,
1758 2287 1811 2345 qua
1838 2272 1888 2328 ille

1093 2368 1198 2440 peritia
1210 2385 1291 2424 causa
1305 2369 1394 2424 sciens
1411 2365 1483 2423 nilril
1498 2383 1555 2422 esse
1564 2363 1682 2433 idolum,
1696 2362 1746 2419 sed
1760 2377 1814 2435 qua
1827 2375 1887 2418 esse

1093 2465 1169 2532 putat
1189 2457 1247 2515 illic
1270 2475 1391 2526 numen;
1416 2457 1526 2532 qnando
1540 2456 1654 2514 fratrent
1676 2454 1795 2528 peritum
1810 2453 1888 2509 uidet

1094 2545 1153 2602 illic
1165 2545 1254 2616 edere,
1271 2564 1321 2604 nec
1336 2548 1458 2606 horrere.
1882 2587 1885 2592 .

1135 2641 1205 2698 140
1221 2637 1311 2709 (νοτε.
1330 2637 1386 2709 ll.)
1420 2637 1478 2694 ‹Et
1498 2635 1608 2710 peribit,
1630 2633 1679 2709 qni
1701 2631 1828 2691 indamus
1844 2639 1887 2690 est

1093 2732 1123 2789 in
1141 2741 1189 2790 tna
1211 2733 1325 2789 scientia
1348 2733 1406 2802 (tlt)
1432 2733 1524 2800 irater,
1549 2747 1599 2804 ρτο
1620 2745 1675 2806 quo
1698 2727 1824 2787 Christus
1844 2733 1887 2784 est

1093 2821 1252 2879 moriensi·
1270 2819 1371 2876 Peribit
1382 2819 1517 2889 inlrrnrns,
1532 2819 1554 2876 si
1566 2819 1627 2875 edat
1636 2825 1731 2876 contra
1744 2815 1887 2874 uninsllei

1093 2911 1175 2967 iidem
1191 2909 1224 2966 de
1238 2909 1416 2967 sacrificatis:
1438 2909 1511 2984 quod
1526 2908 1638 2984 quidem
1652 2907 1727 2982 quasi
1742 2905 1889 2962 irascentis

243 2995 346 3063 omnia,
371 3003 397 3052 et
411 3012 461 3053 nos
475 3012 523 3069 per
547 2997 648 3070 ipsum
667 3021 677 3046 ι
700 2998 800 3053 Omnia
815 2998 889 3053 enirn
905 3014 939 3052 cx
959 2999 1039 3055 Patre
1094 3000 1265 3072 carbasum,
1288 3007 1314 3056 et
1333 2997 1500 3055 ostendentis
1515 2997 1582 3070 qnid
1601 2996 1664 3052 mali
1684 2993 1769 3070 possit
1789 3007 1889 3066 parere

243 3080 365 3152 quidem,
381 3079 429 3136 sed
441 3096 490 3153 per
504 3081 606 3138 Filium
621 3089 711 3139 creata
722 3091 796 3139 sunt.
808 3083 861 3138 Sed
875 3098 937 3140 cum
953 3081 1036 3140 dicit:
1053 3123 1076 3184 G
1094 3091 1217 3159 scientia,
1234 3093 1257 3146 si
1281 3107 1336 3146 pop,
1358 3089 1442 3144 fuerit
1457 3094 1606 3160 repnpemta
1626 3103 1642 3142 a
1662 3084 1803 3143 charitate,
1825 3105 1836 3130 «
1854 3083 1887 3139 lp

251 3169 312 3224 ‘El
331 3185 381 3225 ¹¹0⁸
402 3183 450 3244 Pes
476 3169 600 3243 illumi·
621 3171 783 3229 reformatos
806 3189 856 3228 110⁵
875 3172 1038 3245 peripsum,
1095 3188 1141 3235 tua
1154 3179 1315 3247 scientia;=
1335 3179 1362 3235 id
1373 3187 1423 3247 cst,
1434 3186 1481 3234 tna
1494 3177 1591 3250 peritia
1606 3176 1684 3232 illurn
1699 3173 1799 3230 occidit
1814 3172 1887 3244 (61);

243 3273 386 3330 perquem
410 3259 495 3316 creati
508 3259 657 3329 ineramus,
676 3261 813 3334 significat
826 3262 854 3316 in
877 3261 926 3317 Dei
948 3263 1040 3334 cogni·
1095 3269 1203 3344 quando
1218 3284 1234 3324 a
1248 3277 1274 3324 te
1290 3268 1348 3323 ficri
1364 3267 1449 3334 uidet,
1464 3265 1536 3340 quod
1551 3266 1598 3321 ille
1608 3265 1688 3320 aliter
1700 3261 1839 3334 intelligit.
1851 3260 1887 3315 Et

243 3347 337 3416 tione;
354 3349 419 3422 qnia
433 3349 498 3409 stoli
517 3366 566 3424 per
581 3351 670 3426 ipsum
695 3366 758 3409 curn
770 3349 886 3420 caeteris,
902 3358 963 3424 post
984 3358 1039 3409 sto·
1094 3363 1125 3414 tn
1140 3357 1193 3412 eris
1206 3357 1313 3412 occasio
1325 3357 1420 3412 mortis
1435 3355 1522 3423 iratri,
1539 3369 1619 3428 ρττοτττ
1634 3353 1760 3411 Christus
1773 3355 1806 3405 ut
1816 3348 1888 3404 redi·

243 3453 337 3508 ponem
352 3438 454 3494 mentis
468 3447 495 3496 et
510 3440 672 3512 ignorantiae
688 3455 738 3497 nos
751 3457 799 3512 per
810 3442 899 3512 ipsum
921 3440 1040 3510 agnovi·
1095 3453 1190 3513 meret,
1206 3445 1329 3516 crucifigi
1344 3461 1372 3501 se
1389 3443 1524 3518 permisit.
1541 3445 1582 3499 Ac
1604 3458 1652 3515 per
1667 3441 1720 3498 hoc
1739 3435 1888 3511 aliquando

243 3539 305 3578 mus
315 3525 477 3596 mysterium
490 3527 574 3583 unius
583 3529 644 3584 Dei.
656 3526 747 3583 Unum
758 3545 822 3599 ergo
834 3529 921 3583 Deum
932 3527 1039 3584 Patrem
1095 3533 1129 3590 ab
1143 3535 1256 3590 scientia
1278 3533 1510 3590 dissimulandum
1529 3531 1607 3588 docet
1629 3528 1772 3587 charitatis
1786 3542 1884 3594 causs3

243 3615 326 3686 uiuit,
342 3625 368 3673 et
388 3633 474 3674 unuin
499 3620 648 3676 Dominum
674 3619 765 3677 lesum
790 3619 892 3677 Filium
914 3621 992 3694 ejus;
1009 3627 1040 3678 ut
1096 3621 1159 3696 quia
1174 3622 1232 3679 sine
1253 3621 1337 3678 dubio
1354 3623 1414 3696 plus
1430 3629 1469 3677 cst
1486 3618 1558 3677 salns
1572 3618 1675 3686 fratris,
1692 3632 1774 3691 quarn
1787 3614 1884 3672 cibus:

243 3706 393 3780 quialleus
416 3722 471 3764 non
493 3714 582 3780 potest
596 3723 652 3764 non
667 3724 726 3766 esse
743 3709 889 3778 Dominus,
912 3709 1041 3768 similiter
1094 3711 1159 3784 quia
1182 3711 1247 3768 licet
1272 3709 1392 3784 quidem,
1413 3709 1460 3766 sed
1482 3725 1537 3765 non
1552 3707 1674 3782 expedit.
1699 3707 1758 3764 floc
1775 3704 1888 3764 eritco·

242 3802 270 3851 et
295 3795 429 3852 Dominus
453 3796 622 3869 intelligatur
641 3813 699 3853 esse
720 3805 747 3854 et
770 3801 854 3868 Dens,
872 3814 959 3855 unum
983 3813 1040 3858 essa
1095 3799 1231 3871 posuisse,
1247 3797 1318 3855 sicut
1332 3804 1440 3870 oportet
1453 3795 1533 3853 scire.

241 3883 329 3941 Deum
355 3892 381 3942 at
404 3885 554 3942 Dominum
582 3886 792 3960 domonstraret,
820 3887 934 3946 modum
958 3887 1041 3945 unius
1131 3889 1222 3961 (νοτε,
1240 3888 1295 3961 lt.)
1319 3887 1388 3944 «Sic
1411 3894 1501 3944 autem
1523 3891 1667 3960 peccantes
1688 3883 1719 3940 in
1737 3881 1845 3951 iratres,
1860 3889 1890 3940 et

242 3973 373 4048 principii
388 3975 586 4034 conservando.
1095 3975 1279 4051 percutientes
1310 3975 1505 4032 conscientiam
1532 3974 1643 4030 illorum
1673 3972 1821 4038 infirmam,
1858 3970 1889 4026 in

282 4063 374 4136 (νοτε.
395 4063 438 4138 7.)
464 4089 473 4113 ι
487 4063 540 4122 Sed
563 4081 619 4122 non
632 4063 663 4124 ln
686 4065 816 4123 omnihus
830 4075 871 4124 est
885 4067 1033 4124 scicntia·
1094 4065 1204 4124 Christo
1214 4065 1340 4139 peccatis.
1354 4089 1363 4114 ι
1376 4061 1492 4132 Quando
1502 4062 1575 4118 enirn
1583 4060 1726 4119 charitatis
1732 4057 1889 4116 nonaeruuli

242 4151 274 4208 ld
288 4161 338 4222 est,
354 4171 411 4212 non
425 4169 520 4212 ornnes
532 4163 636 4212 norunt
657 4154 799 4214 credentes
813 4155 975 4229 mysterium
989 4153 1040 4211 Ilei
1094 4163 1171 4223 sunt,
1184 4171 1237 4228 qua
1250 4153 1377 4212 Christus
1388 4169 1437 4209 nos
1452 4151 1589 4219 liberavit,
1602 4156 1716 4222 peccant
1726 4149 1755 4204 in
1765 4145 1887 4214 Christo,

243 4240 349 4308 nnius;
376 4242 437 4299 ideo
453 4243 565 4318 quidam
585 4251 685 4318 putant
698 4261 733 4302 ex
747 4244 783 4300 iis
797 4243 845 4318 qui
861 4243 978 4301 credunt
991 4243 1039 4300 ali·
1094 4259 1151 4302 non
1167 4243 1197 4300 in
1212 4241 1352 4300 Christum
1365 4259 1372 4309 ;
1388 4241 1453 4315 quia
1468 4239 1496 4295 in
1511 4237 1652 4297 Christum
1667 4253 1778 4311 peccare
1789 4251 1888 4308 negare

243 4328 310 4402 quid
324 4329 447 4386 numinis
461 4331 491 4386 in
506 4321 671 4390 simulacris.
1094 4341 1135 4391 est
1155 4331 1311 4391 Christum:
1329 4332 1357 4388 in
1378 4331 1488 4388 Christo
1502 4337 1604 4398 autern,
1629 4328 1658 4384 in
1677 4327 1734 4384 hec
1747 4341 1809 4399 quse
1822 4335 1890 4385 sunt

285 4442 295 4465 ι
317 4419 385 4475 Nam
410 4418 496 4490 aliqui
521 4419 611 4476 adhuc
634 4423 804 4480 conscientia
824 4419 892 4478 idoli
912 4421 988 4494 quasi
1003 4419 1039 4478 si·
1093 4421 1207 4481 Christi.
1223 4421 1298 4478 Sicut
1314 4429 1341 4477 et
1355 4420 1410 4488 hic,
1425 4420 1472 4493 qai
1492 4419 1545 4475 snb
1564 4419 1622 4490 lege
1635 4426 1686 4485 est,
1701 4417 1731 4472 in
1746 4416 1805 4488 lege
1818 4415 1888 4472 dici·

243 4509 366 4565 mulacro
382 4507 553 4563 immolatum
578 4508 782 4566 manducant.»
816 4511 855 4565 lle
874 4510 951 4582 plebe
966 4479 1277 4584 enimnturpeccaro3
1295 4508 1399 4566 itaetii
1414 4503 1889 4580 qnisuhChristosnnt,inChristc

242 4597 330 4672 aliqui
349 4596 440 4652 adhuc
458 4611 520 4652 cum
542 4596 718 4652 veneratione
732 4597 874 4655 simulacri
888 4600 1040 4657 manduca-
1092 4617 1205 4676 peccare
1219 4601 1360 4657 dicuntur.

242 4689 310 4748 bunt
324 4689 358 4746 de
373 4688 543 4758 sacrificatis,
559 4688 637 4762 quasi
653 4688 746 4764 aliqua
769 4697 839 4747 esset
859 4691 917 4747 illic
930 4691 1040 4748 diuini·
1130 4692 1220 4764 (Vera.
1248 4689 1304 4760 13.)
1335 4689 1478 4762 «Propter
1495 4685 1569 4761 quod
1591 4687 1614 4742 si
1638 4699 1700 4743 asos
1723 4683 1891 4743 scandalizat

242 4787 294 4837 tas.
328 4779 395 4836 «Et
423 4779 590 4838 couscientia
618 4778 734 4836 aliorum
764 4797 827 4838 cunr
855 4782 891 4838 sit
918 4782 1038 4849 iniimus,
1092 4785 1204 4843 tratrem
1220 4799 1321 4852 meum,
1345 4783 1498 4839 nonedam
1513 4797 1624 4839 comem
1638 4781 1668 4839 in
1689 4788 1832 4846 aeternnm,
1854 4793 1890 4835 ne

250 4869 476 4944 toinquinalur··
505 4868 659 4928 Maculalur
678 4871 857 4942 conscientia,
881 4871 905 4927 si
926 4871 1039 4928 infirma
1093 4875 1204 4932 fratrem
1219 4875 1409 4932 scandalizem.
1426 4899 1436 4922 ι
1456 4873 1488 4930 ln
1508 4879 1616 4928 tantum
1630 4869 1758 4929 charitati
1776 4867 1890 4925 studen-

252 4959 371 5023 blcirca
384 4961 483 5016 Deum·
1093 4963 1159 5022 duur
1184 4963 1274 5030 docet,
1300 4974 1332 5020 ut
1357 4963 1434 5020 licita
1454 4977 1504 5034 pro
1527 4960 1634 5017 illicitis
1662 4958 1823 5024 habeantur,
1854 4972 1890 5013 ne

280 5052 421 5126 (νοτε.8.)
440 5052 528 5110 «lisca
537 5057 628 5110 autem
641 5067 693 5111 nos
705 5052 941 5113 noncommendut
951 5055 1033 5114 Deo.»
1094 5054 1185 5112 obsint
1198 5054 1287 5112 fratri.
1297 5054 1436 5122 Quantum
1445 5053 1519 5110 enirn
1531 5049 1597 5109 mali
1610 5057 1651 5108 est
1665 5065 1715 5122 ροτ
1723 5048 1821 5106 illicita
1830 5063 1891 5104 nou

280 5269 338 5342 (59)
355 5268 430 5328 Edit.
451 5285 483 5328 ao
504 5285 569 5326 mss.
592 5267 731 5338 nonnulli,
756 5267 795 5326 Da
813 5269 877 5326 cilis
892 5267 975 5340 iqitur
992 5272 1039 5341 qut
1092 5286 1158 5330 mss.
1172 5266 1346 5345 quibusdam,
1362 5266 1449 5322 ictuc
1462 5264 1628 5322 coriscieotio.

244 5342 395 5398 sitrrulccris
424 5340 501 5412 (edit.
532 5341 623 5405 iloni,
654 5341 705 5410 quui
732 5339 822 5410 idolis)
852 5341 1035 5402 intitulantur.
1130 5339 1187 5413 (61(
1204 5341 1281 5396 Rom.
1304 5338 1370 5395 edit.
1386 5348 1413 5395 ct
1433 5355 1497 5394 mss.
1512 5331 1652 5402 nonnulli,
1674 5335 1794 5389 tssocclu
1809 5329 1892 5387 otum

244 5415 470 5477 inimiciorem
501 5412 580 5468 nom.
607 5409 686 5477 edit,
713 5411 957 5480 hrrmolutitiorum‚
982 5422 1035 5471 etc.
1092 5413 1189 5470 occidis
1193 5455 1246 5468 .....
1281 5410 1436 5466 conscicntia
1466 5407 1612 5476 aliqnando
1644 5402 1893 5482 dissimulandum:

244 5484 301 5539 h'os
313 5485 381 5542 alios
396 5499 460 5540 mss.
480 5482 572 5555 plures
589 5483 762 5556 potioresque
776 5483 861 5540 secuti
877 5500 981 5540 snnrus.
1092 5483 1278 5554 'reliqnaeodit
1295 5499 1326 5538 ac
1342 5499 1405 5538 ritas.
1424 5481 1541 5535 irn'icorn
1561 5482 1727 5552 congruunt,
1744 5474 1797 5532 nist
1813 5471 1890 5548 quod

281 5554 337 5624 (60)
354 5555 399 5613 Sic
409 5562 465 5613 vet.
479 5554 545 5612 edit.
561 5571 592 5612 ac
604 5553 1034 5636 plurimiprobatissirniquenrss.
1093 5553 1195 5614 alicubi
1215 5553 1313 5628 legitur
1328 5552 1433 5622 occidis,
1448 5549 1516 5608 alibi
1533 5565 1600 5609 vero
1614 5548 1719 5608 occidit.

245 5625 328 5680 semel
342 5632 370 5682 ct
387 5625 489 5686 iterum
506 5644 511 5684 :
528 5635 556 5684 at
578 5633 693 5700 utroque
716 5625 776 5683 loco
791 5627 869 5685 llorn.
886 5627 952 5684 edit.
973 5641 1035 5684 curn
