4052 6192
288 243 341 301 903

795 240 843 295 xo
863 235 980 295 onaan
999 239 1028 294 s
1048 233 1216 294 xuanosn
1234 235 1424 295 auennmx.
1845 255 1884 312 gp,

325 367 393 424 Cum
414 381 479 423 vcro
494 364 564 422 idem
586 364 669 421 Jacob
684 373 867 420 reverteretur
879 363 913 420 de
927 364 1125 436 Mesopota-A
1146 389 1155 412 ι
1172 365 1231 442 lleu
1256 365 1335 434 mibi,
1353 365 1418 438 quia
1440 363 1577 422 incolatus
1600 381 1675 423 mens
1692 371 1843 447 prolongatur
1857 393 1886 440 asa

289 455 345 512 mie
370 455 465 528 Syria,
490 453 661 526 venissetque
681 452 715 508 ad
737 453 893 519 terdenam,
919 453 1084 512 transductis

289 543 418 600 omnibus
442 559 501 613 quae
527 540 609 597 adse
632 539 815 613 pertinebant,
840 542 971 597 retransit
997 543 1081 598 solus.

288 635 324 690 Et
339 649 399 689 ecoe
414 631 458 686 uir
472 630 629 686 luctabatur
637 645 699 686 oum
713 645 745 684 eo
760 645 845 702 usque
856 646 945 686 mane.
962 629 1085 703 Cumque

288 722 394 778 uideret
427 719 499 793 quod
532 736 595 775 eum
621 735 747 792 superare
776 735 832 774 nou
862 729 962 792 posset,
995 721 1086 791 tetigit

288 826 403 867 nervum
424 809 520 865 femori
535 807 603 880 ejus,
629 815 656 864 et
678 810 771 864 statim
794 809 938 876 emarcuit,
959 808 1085 881 dixitque

287 899 333 954 ei:
358 923 367 945 ι
390 899 505 954 Dimitte
528 913 583 964 me,
601 895 658 968 jam
682 897 755 952 enim
778 898 902 954 ascendit
927 914 1034 954 aurora.
1050 897 1086 953 At

288 987 335 1042 ille
348 986 508 1059 respondit:
534 988 594 1043 Non
614 986 752 1042 dimittam
773 995 809 1054 te,
834 986 888 1042 nisi
912 986 1086 1044 benedixeris

287 1081 367 1137 mibi.
384 1082 420 1138 Et
434 1082 473 1136 ait
494 1080 534 1136 illi
548 1099 554 1136 :
581 1079 641 1147 Quo
655 1081 764 1136 vocaris
784 1082 922 1138 nomine?
936 1081 1086 1155 Respondit

287 1171 328 1227 ei:
354 1169 446 1227 Jacob.
467 1171 504 1225 At
526 1169 574 1226 ille
599 1168 689 1225 dixit:
706 1171 766 1225 Non
791 1168 932 1227 vocaberis
957 1171 1029 1228 ultra
1044 1173 1085 1227 Je-

287 1259 348 1328 oob,
364 1259 410 1315 sed
434 1260 516 1315 lsrael
539 1257 590 1315 erit
608 1273 707 1314 nomen
729 1264 808 1314 tuum
827 1259 904 1330 (Gen.
926 1275 1017 1326 xxxii,
1034 1260 1087 1317 26-

287 1349 368 1420 28).»
398 1347 449 1404 Per
464 1347 547 1404 Jacob
570 1348 623 1405 hoc
645 1348 674 1403 in
696 1348 757 1405 loco
783 1346 900 1420 quilibet
919 1355 1044 1421 peccator
1061 1357 1087 1406 et

287 1441 424 1513 poenitens
439 1441 607 1512 designatur.
623 1439 703 1506 Quod
718 1456 785 1496 uero
800 1441 912 1512 angelus
926 1457 988 1497 cum
1005 1440 1088 1498 Jacob

287 1529 316 1584 in
339 1529 426 1603 figura
446 1530 557 1586 Domini
580 1529 746 1598 luctabatur,
770 1537 798 1585 et
823 1529 868 1585 ille
894 1546 956 1586 cnm
979 1532 1085 1602 angelo,

288 1618 357 1676 illud
376 1619 514 1692 significat
529 1619 587 1692 (55)
604 1617 678 1692 quod
693 1617 828 1674 Dominus
838 1617 907 1674 dicit
923 1619 950 1674 in
964 1619 1086 1691 Evange-

1143 453 1229 525 (Psul.
1246 470 1322 524 cxix,
1339 455 1386 528 dli
1403 481 1412 503 ι

1175 560 1250 617 ldem
1273 563 1355 618 etiam
1378 563 1460 621 Jacob
1484 575 1545 638 post
1566 567 1736 626 luctationem
1756 589 1824 644 quam
1842 595 1889 636 oum

1141 653 1237 724 angelo
1267 654 1360 724 gessit,
1384 669 1440 711 nno
1462 656 1529 729 pede
1553 656 1714 714 claudicasse
1734 659 1833 721 dicitur:
1855 671 1891 740 qui

1142 756 1207 796 vero
1222 741 1367 811 claudicat,
1387 760 1468 816 super
1482 762 1578 800 sanum
1594 745 1685 818 pedem
1700 754 1766 804 totus
1782 749 1891 825 innititur,
1967 759 1968 780 ³

1141 831 1228 887 altero
1246 831 1385 904 paulisper
1409 840 1508 890 terram
1532 842 1655 907 tangens.
1678 838 1734 893 Duo
1749 839 1893 914 igiturpedes

1142 919 1260 976 duorum
1274 922 1467 978 alimentorum
1484 939 1583 996 genera
1596 923 1751 997 designant;
1766 939 1821 985 sunt
1833 947 1895 988 nan-

1142 1025 1194 1081 que
1217 1009 1348 1088 alimenta
1372 1012 1505 1085 corporis,
1525 1021 1590 1069 sunt
1612 1021 1639 1068 et
1662 1015 1762 1072 auimae.
1787 1018 1895 1076 Alituontn

1141 1101 1265 1172 corporis
1292 1110 1355 1158 sunt
1382 1102 1449 1170 cibi,
1480 1113 1570 1176 potus,
1592 1105 1770 1162 vestimenta:
1793 1107 1896 1167 alimenta

1142 1205 1207 1246 nero
1222 1190 1321 1247 atrimae
1343 1199 1407 1246 suut
1429 1192 1477 1248 Dei
1496 1192 1621 1262 verbum,
1645 1210 1723 1266 opera
1742 1195 1814 1252 bona.
1832 1199 1896 1256 lnus·

1143 1279 1258 1353 quisque
1271 1279 1355 1351 igitur
1373 1280 1473 1348 fidelis,
1490 1282 1512 1337 si
1526 1298 1583 1338 uno
1603 1281 1670 1354 pede
1685 1283 1812 1357 paulisper
1823 1295 1898 1344 terrain

1144 1367 1241 1441 tangit,
1261 1385 1342 1440 super
1356 1369 1472 1425 altorum
1493 1378 1567 1426 totus
1581 1369 1711 1428 innititur
1725 1393 1731 1441 ;
1748 1378 1805 1448 quia
1818 1379 1845 1434 iis
1857 1396 1899 1452 qna
1970 1364 1971 1454 l

1143 1467 1207 1514 sunt
1230 1458 1328 1514 mundi
1352 1459 1545 1515 tantummodo
1566 1459 1600 1516 ad
1623 1461 1791 1522 necessitates
1807 1471 1902 1540 corporis

1143 1547 1324 1605 sublevandas
1345 1549 1444 1620 utitur,
1472 1549 1544 1608 sicut
1571 1549 1640 1609 dicit
1662 1557 1820 1626 Apostolus:
1845 1560 1901 1614 «lla-

1143 1637 1238 1693 bentes
1263 1647 1353 1695 autem
1387 1639 1492 1696 victum
1521 1647 1548 1696 et
1579 1641 1721 1713 vestitum,
1752 1644 1784 1700 iis
1808 1649 1903 1704 contenti
1971 1646 1972 1694 l

287 1707 342 1765 lio:
366 1733 374 1755 ·
394 1710 517 1780 Regnum
542 1709 676 1765 coelorum
699 1707 756 1763 vim
782 1707 895 1778 patitur,
921 1715 948 1764 et
971 1708 1086 1764 uiolenti
1101 1721 1125 1784 Β
1143 1729 1229 1786 simus
1246 1729 1274 1800 (p
1295 1731 1362 1786 Tim,
1378 1747 1419 1798 w,
1434 1729 1474 1802 8),
1493 1756 1501 1780 ,
1523 1731 1553 1788 pn
1570 1749 1600 1788 gg
1614 1749 1681 1789 vero
1697 1751 1755 1808 quae
1772 1736 1802 1793 gp
1816 1737 1904 1793 sappam

288 1797 400 1869 rapiunt
426 1796 496 1852 illud
520 1797 628 1868 (narrt.
652 1813 693 1862 xr,
718 1795 800 1868 ¹²)·¹
831 1796 884 1864 Qui
908 1804 973 1852 sunt
994 1803 1084 1851 autem

288 1886 415 1955 violenti,
440 1885 493 1942 nisi
518 1894 672 1956 peccatores
692 1894 719 1941 et
739 1883 926 1957 poenitentes?
947 1885 999 1953 Qui
1022 1901 1085 1942 cum

288 1992 316 2032 se
331 1975 427 2031 vident
443 1992 491 2047 pro
504 1973 653 2031 sceleribus
676 1975 732 2030 suis
753 1974 851 2031 mortis
869 1982 1006 2048 perpetuae
1029 1991 1086 2031 esse

288 2079 359 2131 neos,
374 2063 471 2120 tandiu
483 2063 596 2136 januam
613 2062 730 2136 paradisi
749 2062 1016 2137 precibus'pulsant,
1034 2081 1086 2120 us-

288 2170 341 2228 que
356 2154 422 2211 dum
438 2154 476 2211 eis
499 2155 590 2212 aditus
610 2155 687 2228 regni
702 2156 820 2212 coelestis
839 2155 986 2228 aperiatur.
1003 2154 1086 2213 Jacob

289 2259 353 2316 ergo
367 2261 429 2302 cum
448 2244 567 2301 Domino
587 2245 707 2302 luctatur
730 2245 839 2319 quando
854 2246 970 2320 quilibet
985 2262 1087 2319 pecca-

288 2341 333 2389 tor
360 2335 554 2406 pertimescens
582 2351 675 2406 poenas
700 2335 771 2407 ignis
797 2335 902 2404 aeterni,
932 2335 1028 2392 tandiu
1057 2337 1085 2393 in

288 2423 416 2495 precibus
425 2424 556 2496 persistit,
572 2422 739 2496 usquedum
755 2423 779 2480 ei
794 2423 982 2481 misericordia
992 2424 1087 2481 divina

288 2523 442 2582 succurrat,
457 2521 530 2570 siout
544 2512 686 2586 sequentia
700 2511 888 2569 manifestant.

323 2620 376 2689 Qui
392 2635 454 2675 oum
468 2619 576 2676 uideret
591 2617 664 2692 quod
680 2634 743 2674 eum
763 2634 891 2691 superare
907 2634 963 2675 non
984 2627 1085 2690 posset,

287 2709 379 2782 tetigit
403 2725 519 2765 nervum
543 2708 656 2765 lemoris
681 2705 749 2779 ejus,
775 2715 802 2763 et
822 2707 914 2764 statim
942 2709 1084 2765 emarcuit.

289 2803 326 2858 Et
349 2800 413 2873 quia
443 2799 530 2855 libido
555 2815 590 2854 ex
615 2791 718 2854 temore
741 2798 872 2863 nascitur,
899 2813 947 2870 per
971 2815 1086 2855 nervum

290 2890 404 2947 semoris
427 2889 582 2961 uoluptates
598 2888 720 2944 carnales
743 2887 861 2959 intelligi
876 2895 999 2959 possunt.
1014 2889 1087 2945 Ner-

290 2997 354 3036 vum
371 2979 456 3050 igitur
470 2977 582 3033 feratoris
599 2977 748 3049 peccatoris
759 2975 893 3033 Dominus
907 2959 1007 3050 tetigit,
1023 2995 1085 3035 eum

1141 1817 1240 1874 animae
1263 1819 1412 1892 pertinent,
1430 1826 1503 1875 totus
1519 1819 1675 1890 incumbit;
1700 1838 1733 1878 ne
1756 1824 1906 1898 aliqnandoa

1142 1908 1186 1964 via
1200 1907 1259 1976 Dei,
1273 1925 1333 1982 quae
1348 1908 1422 1964 salus
1435 1908 1533 1966 animae
1543 1918 1595 1980 est,
1603 1911 1708 1970 deviet.
1718 1913 1759 1970 Ad
1768 1914 1905 1987 apertionem
1972 1973 1973 2000 ,

1142 1997 1255 2054 secundi
1282 1998 1366 2070 sigilli
1393 1996 1639 2056 demonstrandam
1673 2019 1757 2076 panca
1781 2003 1812 2060 de
1834 2003 1908 2060 multis

1142 2086 1274 2154 diximus,
1291 2103 1366 2144 nnnc
1378 2087 1502 2145 ordinem
1518 2105 1726 2163 persequamur.

1178 2195 1322 2268 Sequitur:
1346 2194 1447 2252 Audiui
1467 2197 1608 2252 secuudum
1634 2199 1738 2256 enimet
1754 2199 1848 2256 duent:
1864 2199 1908 2255 l'mi
1973 2210 1974 2252 t

1142 2293 1166 2342 et
1179 2287 1260 2352 oide;
1281 2285 1308 2342 id
1328 2294 1379 2355 est,
1400 2285 1524 2360 intellige
1539 2287 1734 2360 spiritualiter,
1749 2305 1831 2364 quaa
1849 2287 1910 2360 patri·

1142 2376 1233 2434 archis
1256 2375 1327 2432 tacta
1349 2375 1513 2450 cognovisti.
1537 2378 1573 2433 Et
1592 2395 1648 2433 eece
1668 2395 1748 2450 equus
1763 2377 1836 2448 tusus
1850 2378 1909 2446 till:

1143 2465 1224 2536 etqui
1245 2465 1348 2521 sedebat
1361 2481 1442 2536 super
1456 2465 1545 2530 illum,
1570 2465 1667 2522 dotum
1686 2474 1723 2523 est
1740 2468 1763 2522 ei
1784 2469 1913 2522 retained
1974 2492 1975 2546 t

1140 2571 1230 2626 pacem
1256 2553 1287 2608 de
1312 2561 1393 2620 terro,
1417 2559 1441 2607 et
1467 2559 1497 2608 ut
1525 2553 1638 2610 inuicem
1660 2572 1686 2610 se
1713 2555 1866 2626 interficiant.
1888 2553 1913 2606 tt
1974 2559 1975 2580 ³

1142 2645 1221 2699 dotus
1241 2649 1278 2697 est
1305 2641 1348 2697 illi
1370 2642 1475 2713 gladius
1501 2660 1624 2716 monus.
1648 2643 1701 2700 Per
1727 2660 1821 2717 equum
1843 2641 1913 2698 rulon

1140 2731 1219 2804 justi,
1235 2731 1281 2804 qui
1303 2737 1363 2802 post
1386 2729 1525 2787 diluvium
1546 2749 1636 2806 usque
1658 2732 1693 2789 ad
1714 2734 1797 2805 legem
1817 2731 1913 2792 luerunt,

1143 2821 1331 2892 designantur.
1356 2821 1392 2875 Et
1411 2819 1475 2892 quia
1492 2821 1570 2878 nulus
1584 2823 1668 2878 color
1686 2838 1768 2878 aureo
1791 2819 1866 2876 colori
1884 2832 1915 2888 pa·

1142 2927 1253 2984 rumper
1272 2911 1484 2984 appropinquat,
1506 2912 1592 2968 uoluti
1622 2913 1646 2970 si
1671 2929 1755 2969 aureo
1778 2911 1855 2970 colori
1872 2925 1915 2964 san

1144 3001 1272 3074 guineum
1303 3000 1475 3068 admisceas;
1501 3017 1556 3056 uon
1582 3001 1740 3076 incongrue
1766 3000 1845 3058 sancti
1868 2998 1916 3064 uiri,

291 3067 386 3124 omnia
401 3067 538 3124 desideria
552 3065 681 3134 carnalia,
698 3083 732 3122 ex
747 3065 848 3140 quibus
863 3076 972 3138 peccata
986 3068 1086 3123 orinn-
1103 3077 1125 3140 0
1140 3087 1187 3162 quq
1203 3097 1266 3144 ame
1284 3088 1369 3162 legen,
1390 3088 1512 3156 suerum,
1531 3088 1597 3144 huic
1628 3089 1717 3145 colori
1731 3095 1915 3160 mmmmm

288 3164 344 3226 tur,
371 3155 525 3224 exstinxit3
554 3154 619 3228 quia
643 3153 702 3210 sieri
731 3172 786 3211 non
807 3162 896 3227 potest
924 3162 954 3211 ut
981 3173 1087 3230 apec-

292 3249 361 3306 catis
374 3246 571 3316 abstineamus,
594 3249 717 3321 quaudiu
742 3249 770 3305 in
786 3249 976 3322 voluptatibus
994 3268 1085 3308 oanne-

290 3339 363 3395 libus
396 3337 511 3394 resoluti
534 3337 667 3411 jacemus.
695 3337 774 3394 Dixit
802 3337 887 3410 igitur
909 3340 1021 3412 angelus
1048 3341 1085 3410 ei,

289 3429 420 3486 videlicet
435 3427 481 3483 ille
494 3428 542 3499 qui
558 3427 586 3482 in
601 3443 716 3499 persona
732 3426 844 3484 Domini
861 3445 923 3483 curn
947 3445 978 3485 eo
992 3430 1086 3487 lucta-

288 3515 386 3572 batur:
418 3539 428 3562 «
452 3515 567 3571 Dimitte
592 3531 646 3583 me,
664 3513 720 3585 jorn
742 3515 816 3570 euim
840 3513 962 3571 ascendit
989 3531 1087 3571 aurora

290 3605 368 3667 (Gen.
388 3619 480 3672 xxxu,
500 3603 590 3675 26);»
615 3603 683 3659 acsi
698 3603 831 3660 dixisset:
852 3603 951 3658 Desine
964 3604 1020 3677 jam
1037 3620 1086 3676 pro

289 3692 388 3748 timore
404 3691 475 3763 ignis
495 3692 590 3747 aeterni
613 3691 693 3760 llere;
719 3691 783 3764 quia
808 3691 865 3764 jam
891 3693 1085 3766 tranquillitas,

289 3780 368 3837 vitiis
382 3779 539 3850 exstinctis,
552 3779 643 3849 rediit,
656 3797 716 3855 quaa
726 3789 752 3837 te
767 3780 796 3836 in
806 3781 969 3853 perditionis
978 3781 1085 3838 foveam

288 3870 484 3927 demerserant.

325 3979 361 4034 Et
388 3975 453 4052 quia
477 3994 532 4033 non
559 3978 625 4034 satis
649 3977 759 4052 prodest
784 3980 855 4036 mala
875 3979 1008 4050 deserere,
1033 3979 1086 4037 nisi

289 4068 361 4124 bona
382 4083 461 4140 agere
484 4069 652 4138 studeamus,
675 4069 817 4143 sequitur:
842 4069 969 4140 Dicitque
989 4071 1084 4126 Jacob:

287 4159 349 4218 Non
370 4159 500 4214 dimittam
532 4161 565 4227 te,
597 4159 650 4214 nisi
679 4159 841 4215 bertediceris
864 4159 928 4215 milri
950 4163 1033 4234 525,
1059 4158 1087 4215 id

288 4265 339 4324 ost,
357 4273 371 4312 a
390 4256 518 4329 precibus
533 4273 587 4312 iton
604 4257 726 4326 cessabo,
742 4256 795 4314 nisi
815 4274 857 4314 me
873 4255 1022 4313 virtutibus
1039 4256 1087 4313 di-

290 4347 416 4416 taveris3
448 4354 480 4403 ut
507 4349 553 4420 qni
579 4364 666 4421 usque
694 4347 776 4404 modo
800 4348 949 4404 secuudum
978 4364 1086 4404 carnem

1140 3197 1173 3238 eo
1194 3180 1268 3256 qnod
1286 3189 1314 3237 et
1336 3181 1470 3254 sapientia
1497 3181 1663 3250 claruerint,
1694 3199 1755 3256 quae
1778 3198 1823 3254 per
1843 3193 1917 3234 eumn

1140 3271 1284 3344 figuratur,
1308 3280 1334 3328 et
1361 3271 1390 3327 iu
1413 3269 1658 3344 persecutionibus
1689 3282 1717 3330 et
1734 3272 1849 3329 adversis
1870 3285 1917 3324 mu·

1141 3367 1244 3418 stantes
1270 3359 1384 3428 tuerint,
1413 3375 1472 3432 quae
1507 3375 1555 3431 per
1579 3361 1749 3434 sanguinem
1778 3359 1917 3433 figurantur.

1140 3451 1234 3507 Sessor
1254 3466 1319 3504 vero
1334 3447 1417 3520 bnjus
1440 3447 1500 3520 equi
1520 3449 1663 3506 Dominus
1688 3458 1740 3519 est,
1766 3451 1811 3524 qui
1834 3449 1858 3504 in
1877 3461 1917 3501 san·

1140 3541 1192 3598 ctis
1208 3540 1265 3596 suis
1289 3537 1404 3594 habitat.
1421 3537 1491 3594 Huic
1504 3537 1603 3595 sessori
1623 3539 1724 3596 datum
1742 3548 1783 3596 est
1801 3548 1830 3595 ut
1849 3548 1918 3608 pacm

1140 3636 1260 3688 sumeret
1273 3628 1306 3685 de
1327 3637 1408 3684 terra.
1425 3627 1453 3684 Si
1478 3645 1530 3700 pax
1551 3627 1627 3684 bona
1644 3637 1687 3686 est
1707 3631 1803 3698 aDeo‚
1820 3626 1850 3682 de
1868 3633 1921 3678 terta

1141 3717 1279 3793 quomodo
1301 3725 1410 3789 sumpta
1433 3717 1498 3774 est?
1519 3717 1571 3774 Sed
1598 3729 1644 3776 est
1668 3735 1724 3792 pax
1754 3719 1832 3784 bona,
1856 3720 1878 3767 et
1892 3716 1920 3763 ast

1141 3825 1193 3882 pax
1214 3809 1294 3864 maala.
1320 3807 1416 3862 Pacem
1435 3803 1538 3862 malam
1557 3805 1609 3864 filii
1637 3809 1689 3866 Dei
1720 3815 1785 3864 ante
1810 3801 1920 3862 diluuium

1141 3915 1204 3954 cum
1220 3897 1286 3953 filiis
1298 3896 1443 3952 homiuum
1460 3895 1632 3967 babuerunt,
1649 3897 1765 3971 quaudo
1776 3895 1920 3950 filiasoornn

1142 3993 1314 4060 acceperunt,
1328 3993 1354 4041 et
1368 4002 1431 4043 suas
1446 3999 1485 4042 ets
1499 3984 1639 4042 dederunt
1656 3989 1739 4058 (Geta.
1757 4004 1796 4054 rt,
1812 3985 1851 4054 dl:
1865 3979 1922 4035 illl·

1142 4093 1194 4150 que
1221 4091 1284 4132 cum
1308 4075 1366 4132 illis
1396 4077 1474 4150 aquis
1496 4076 1598 4132 diluvii
1631 4076 1719 4133 deleti
1749 4083 1820 4130 suut.
1844 4066 1921 4126 sodet

1142 4165 1209 4222 filiis
1224 4165 1307 4221 lsrael
1323 4165 1454 4237 praecepit
1472 4165 1608 4222 Dominus
1620 4174 1653 4223 ut
1670 4165 1764 4223 faedus
1778 4179 1831 4219 nou
1845 4158 1923 4216 inirent

1142 4272 1204 4313 cum
1230 4249 1404 4324 Chananaeis,
1435 4269 1522 4326 noque
1551 4254 1625 4311 filias
1656 4271 1756 4311 eorum
1784 4249 1921 4320 acciperunt,

1142 4361 1193 4401 nec
1208 4343 1278 4399 filias
1294 4362 1356 4402 sutas
1371 4345 1429 4401 illis
1443 4344 1540 4400 darent
1552 4345 1663 4414 (and.
1682 4341 1923 4412 xx111‚3s·‚xmu

293 4433 365 4503 vixi,
386 4436 485 4491 amodo
509 4437 659 4492 secuudum
684 4435 812 4507 spiritum
836 4435 937 4491 tinam.
963 4435 1128 4506 Dicitquel]
1146 4437 1201 4508 to).
1215 4435 1284 4492 Nom
1299 4437 1332 4492 de
1348 4453 1412 4509 pace
1426 4434 1495 4491 bona
1516 4443 1541 4490 et
1561 4433 1635 4489 mala
1652 4433 1801 4490 Psalmista
1817 4426 1921 4501 loquitu.

291 4524 315 4580 ei
331 4525 389 4598 (56)
405 4543 410 4579 ε
429 4523 504 4592 Quod
518 4532 555 4578 est
569 4542 661 4579 nortun
677 4527 774 4580 luunt?
789 4525 930 4594 Respondit
944 4525 967 4578 ei
980 4543 985 4579 :
997 4525 1086 4593 Incola

290 4613 411 4684 dicitque
425 4613 466 4667 ei:
492 4611 551 4668 Non
576 4613 709 4667 vocaberis
729 4613 803 4668 ultro
823 4613 914 4682 Jacob,
939 4613 983 4668 sed
1003 4613 1089 4669 lsrael

290 4701 342 4757 erit
362 4717 456 4756 nomen
470 4707 553 4766 tueor,
572 4701 599 4757 id
623 4709 679 4757 est:
699 4701 759 4758 Non
779 4701 920 4759 vocaberis
935 4703 1007 4760 ultra
1026 4720 1088 4775 sup·

290 4790 430 4863 plantator
442 4788 586 4858 vitiorum,
602 4789 649 4846 sed
664 4790 805 4847 vocaberis
821 4792 864 4846 vir
876 4790 973 4847 sidens
985 4793 1086 4846 Deum:

291 4879 387 4951 etqui
412 4886 475 4935 ante
500 4877 584 4935 ssebas
605 4896 640 4936 ne
664 4879 692 4935 in
714 4879 853 4936 internum
882 4881 1088 4954 demergereris,

293 4984 370 5024 nunc
398 4967 485 5037 llebis,
513 4984 545 5025 eo
572 4969 646 5042 quod
671 4969 765 5043 aliquo
793 4980 915 5044 tempore
939 4987 954 5026 a
982 4971 1089 5027 visione

1142 4527 1255 4584 dicens:
1278 4525 1366 4584 «Cum
1383 4526 1469 4582 electo
1484 4525 1587 4580 electus
1610 4539 1681 4593 erts,
1705 4533 1733 4580 et
1748 4539 1809 4581 cum
1824 4527 1924 4594 perverto

1143 4618 1308 4690 perverteris
1332 4615 1418 4688 (Paul.
1443 4631 1513 4682 xntt,
1534 4611 1591 4685 tt).
1624 4639 1633 4661 ·
1670 4616 1751 4672 Hanc
1773 4630 1833 4686 ergo
1853 4619 1922 4682 patet

1143 4705 1215 4762 Deus
1233 4705 1265 4762 de
1288 4714 1359 4761 terra
1383 4703 1510 4776 sumpsit,
1531 4701 1647 4775 quaudo
1664 4703 1759 4777 justos
1780 4689 1924 4759 bontinosul

1143 4795 1236 4868 impiis
1251 4792 1387 4867 separavit
1400 4800 1499 4860 mente,
1516 4808 1572 4848 uon
1587 4807 1721 4866 corporo.
1747 4795 1784 4849 Et
1798 4795 1824 4844 at
1839 4786 1924 4842 uaricem

1142 4903 1168 4940 se
1182 4884 1350 4956 interficiunt.
1373 4885 1395 4939 Α
1413 4883 1513 4957 quibus
1531 4900 1584 4956 pax
1601 4885 1702 4941 ablata
1717 4891 1770 4951 est,
1783 4883 1925 4966 consequeus¹

1142 4981 1193 5043 ost,
1211 4984 1242 5030 ut
1261 4973 1331 5030 alius
1350 4971 1384 5028 ab
1408 4971 1462 5028 alio
1480 4971 1670 5029 interficiatur
1688 4991 1696 5041 ;
1717 4989 1779 5028 nam
1800 4962 1924 5038 saepajust

291 5057 491 5130 omnipotentis
504 5058 553 5114 Dei
568 5059 713 5132 elongeris,
733 5058 827 5116 dicens
842 5077 903 5117 cum
923 5059 1085 5117 Psaltnista:
1136 5062 1271 5135 injustos,
1291 5070 1318 5119 et
1341 5061 1437 5135 injusti
1451 5061 1542 5134 justos
1564 5061 1760 5131 interficiunt,
1777 5058 1844 5116 siout
1861 5053 1924 5107 teu

326 5293 385 5367 (bb)
410 5295 497 5378 ludit,
521 5296 551 5351 iu
565 5296 653 5368 figura
674 5295 834 5363 luctabatur,
855 5295 924 5353 illud
941 5295 1088 5368 significan

290 5383 354 5422 mss.
371 5375 403 5423 ut
417 5385 445 5422 m
460 5375 604 5424 contextu.

327 5438 380 5508 (56)
403 5438 505 5494 Eadem
530 5438 609 5507 edit,
631 5439 760 5509 Dicitque
779 5439 825 5495 ei:
850 5439 910 5494 Nou
934 5438 1085 5506 vocalem

289 5525 357 5564 mss.
374 5525 440 5566 vero
455 5509 599 5567 nobiscum
612 5511 727 5568 faciunt.

1178 5296 1234 5368 (57)
1250 5295 1325 5353 Edit.
1350 5295 1429 5363 (titt,
1451 5295 1489 5351 Et
1512 5307 1564 5350 ecoe
1581 5309 1672 5363 equus
1692 5285 1852 5371 redualdo
1869 5277 1926 5336 tollt

1141 5384 1232 5436 aureo,
1255 5377 1307 5424 etc.
1331 5368 1410 5425 Rom.
1436 5375 1497 5439 post
1516 5381 1611 5423 siccem
1631 5365 1717 5436 rursus
1736 5360 1838 5420 addidit
1851 5361 1874 5408 et
1888 5351 1925 5404 bas

1141 5449 1348 5512 consequentes,
1366 5445 1390 5494 et
1407 5439 1453 5508 qui
1467 5439 1568 5494 sedetet
1580 5452 1669 5509 erepet·
1684 5437 1780 5492 illum:
1804 5431 1884 5486 dotem
1897 5421 1925 5474 est

1141 5511 1207 5566 eiut
1221 5517 1332 5566 sumeret
1347 5527 1439 5582 pacem
1460 5510 1491 5565 de
1508 5517 1588 5566 terro.
1621 5513 1679 5566 Nos
1703 5523 1770 5563 vero
1793 5508 1881 5560 caua
1899 5505 1925 5546 tl

1142 5599 1206 5640 mss.
1222 5583 1402 5640 restituimus.
