4082 6176
166 333 220 394 aas
441 335 673 397 3333333333.
693 333 870 395 33333333
890 334 1549 396 3333333333333333-33333313
1765 307 1817 394 aaa

165 479 269 538 paucas
281 463 317 522 ab
332 464 452 522 aliorum
466 467 553 524 classe
566 467 676 524 avulsos
690 464 719 522 in
737 464 840 522 3113333
865 464 944 521 sedes
965 463 1134 534 amandavit,
1149 473 1177 521 et
1191 466 1278 522 multa
1297 481 1359 522 cnm
1376 466 1404 520 in
1419 463 1520 533 titulis,
1547 473 1606 521 tarn
1626 463 1656 519 in
1679 463 1739 536 ipsa
1753 479 1816 520 can·

167 560 258 625 textu,
274 571 330 628 quo
345 553 505 613 viderentur
520 557 606 631 magis
619 554 807 626 Ambrosiam,
823 553 936 628 propria
949 553 1108 611 immutavit
1126 555 1304 624 auctoritate;
1321 555 1393 614 33313
1407 555 1523 627 contigit
1537 553 1567 610 iu
1581 569 1700 610 errorem
1716 550 1815 611 induci

165 641 295 701 homines
312 643 417 719 alioqui
432 645 632 718 sagacissimos.
1089 669 1091 674 ·

201 732 377 808 Quapropter
391 743 422 792 ut
436 736 466 792 in
482 743 621 809 posterum
638 737 753 794 lectores
776 735 809 792 ab
833 730 994 806 hujusmodi
1014 731 1109 790 lraude
1138 734 1325 804 liberaremus,
1342 751 1437 792 omnes
1452 737 1598 793 Sermones
1612 731 1660 804 qui
1675 727 1817 787 Ambrosii

165 840 269 881 noureu
282 824 313 882 in
333 824 503 898 quibuslibet
516 826 686 885 editionibus
698 842 755 900 prm
769 842 798 883 33
812 825 916 892 133331,
932 824 966 879 ad
980 837 1095 879 examen
1110 824 1212 896 placuit
1227 841 1353 882 revocare
1372 843 1377 880 :
1397 842 1451 899 qua
1473 824 1503 881 in
1528 837 1645 880 censura
1663 827 1724 894 post
1739 815 1817 875 adbi-

165 912 265 984 bitam,
282 930 337 988 qua
353 915 484 988 majorem
498 931 554 973 nou
573 917 721 985 valuimus,
737 913 911 986 diligentium
933 921 960 969 31
976 913 1160 979 severitatem,
1171 915 1328 970 eorumdem
1343 913 1518 982 Sermonum,
1534 911 1660 985 exceptis
1675 907 1815 966 concioni·

164 999 218 1056 bus
231 1009 361 1075 quatuor,
376 1002 510 1061 nimirum
525 1006 558 1063 ln
575 1003 669 1075 sunem
686 1001 874 1064 Valentiniani.
891 1000 1031 1072 13133333
1054 1002 1203 1070 Theodosii,
1218 1003 1257 1059 De
1276 1003 1391 1058 basilicis
1410 1021 1463 1058 nen
1487 1001 1633 1070 tradendis,
1657 1015 1688 1057 ac
1703 999 1741 1054 De
1755 995 1818 1052 rste

165 1089 236 1161 gaiis
250 1096 403 1147 mactarunt
419 1092 578 1150 deremitat
592 1092 722 1162 Protasii,
746 1106 814 1165 quas
829 1087 968 1145 edidimus
983 1088 1101 1161 propriis
1126 1093 1203 1159 loeis,
1215 1093 1323 1148 nullutn
1341 1093 1456 1149 omnino
1474 1091 1718 1164 deprehendimus,
1734 1100 1816 1160 quem

165 1199 229 1240 curn
247 1182 340 1257 aliqua
350 1184 409 1241 veri
424 1185 515 1258 specie
528 1203 560 1244 ac
572 1184 755 1244 similitudine
770 1181 885 1240 attribui
901 1181 1047 1238 Ambrosio
1072 1198 1149 1253 posse
1172 1182 1377 1238 arbitraremur.
1403 1181 1553 1237 Enimvero
1572 1181 1632 1239 illic
1649 1179 1816 1238 333313133-

165 1278 259 1342 tepere
274 1287 290 1327 a
307 1271 395 1329 sanati
413 1271 534 1330 doctoris
548 1275 704 1333 elocutione
730 1289 761 1330 ac
788 1270 926 1329 tractandi
941 1273 1048 1328 ratione
1068 1270 1250 1344 discrepantia
1266 1273 1347 1329 nobis
1360 1271 1419 1328 visa
1437 1279 1513 1340 sunt,
1530 1277 1560 1326 ut
1573 1269 1644 1326 nulli
1657 1267 1816 1325 dabitemus

165 1364 288 1415 nostram
314 1357 343 1416 iu
379 1363 545 1420 seutentiam
575 1370 710 1445 quotquot
738 1359 870 1430 eosdem,
905 1375 959 1434 qua
987 1377 1035 1432 333
1065 1371 1115 1431 331,
1146 1361 1297 1419 attentione
1322 1361 1531 1430 examinabunt,
1560 1357 1677 1434 pedibus
1705 1371 1814 1414 conces·

164 1461 253 1504 suros.

199 1535 280 1606 Quod
293 1537 379 1612 igitar
393 1537 572 1598 Cassiodorus
585 1538 647 1613 (lib.
662 1539 703 1596 De
717 1540 801 1596 instit.
819 1539 904 1598 divin.
920 1541 984 1597 titt.
1001 1542 1106 1614 3335)
1123 1549 1201 1599 aetate
1225 1559 1274 1598 sua
1286 1542 1416 1600 homilias
1439 1559 1487 1600 seu
1515 1556 1655 1599 sermones
1678 1536 1816 1596 exstitisse

163 1628 295 1699 affirmat,
311 1629 360 1704 qui
376 1629 518 1688 Ambrosii
533 1646 634 1688 namen
651 1631 778 1687 inlronte
793 1636 928 1703 gererent,
953 1631 1006 1686 nisi
1025 1631 1153 1688 credatur
1169 1632 1300 1687 memoria
1316 1628 1816 1704 333331131333313331333331311333

163 1718 294 1792 deceptus
313 1735 382 1790 esse,
406 1720 554 1778 dicandum
570 1721 623 1778 erit
633 1719 692 1794 jam
707 1720 812 1777 dudum
837 1720 975 1778 excidisse
989 1721 1037 1776 1113
1053 1722 1231 1793 exemplaria.
1251 1721 1331 1788 Quod
1346 1737 1412 1776 vera
1426 1720 1460 1777 ad
1475 1737 1507 1777 ca
1522 1720 1622 1794 quibas
1637 1718 1816 1776 continentur

163 1807 184 1864 ii
197 1823 350 1878 sermones,
366 1809 413 1883 qui
424 1809 514 1868 eidem
527 1810 641 1866 Praesuli
657 1826 731 1867 nnnc
747 1809 920 1878 tribuuntur,
937 1809 1042 1866 nullius
1056 1810 1229 1868 auctoritatis
1244 1810 1292 1866 illa
1308 1819 1446 1884 putamus.
1462 1811 1594 1883 Namque,
1611 1808 1816 1880 utplurimum,

163 1905 214 1954 331
224 1899 406 1956 recentiorem
421 1900 574 1974 praeleruat
588 1915 711 1967 manum,
727 1905 775 1955 aut
795 1899 860 1956 libri
875 1900 953 1958 luere
966 1903 1030 1958 usui
1045 1902 1150 1960 chorali
1171 1902 1363 1970 inservientes,
1379 1901 1511 1957 nimirum
1526 1898 1698 1956 lectianuarii
1719 1905 1746 1954 et
1761 1897 1818 1954 ho-

166 1987 294 2058 miliarii,
309 2005 424 2063 qaorum
448 1993 619 2046 momentum
632 1987 803 2046 levissimum
817 2005 874 2046 3333
895 1992 1006 2064 negabit
1019 2008 1110 2050 nemo.
1135 1995 1187 2051 Sed
1211 2010 1245 2050 ue
1260 1991 1460 2049 vetustioribus
1481 1991 1592 2070 quidem
1608 1989 1750 2047 codicibus
1765 1987 1818 2045 hac

165 2076 197 2134 in
212 2093 242 2136 re
257 2077 340 2134 iidem
359 2077 461 2137 habere
475 2077 542 2136 satis
558 2085 651 2136 tutum
670 2085 720 2135 est.
737 2079 848 2135 Etenim
864 2079 944 2137 docet
965 2081 1212 2156 experientiaque
1227 2082 1313 2154 magis
1329 2083 1372 2139 illi
1396 2083 1494 2139 herent
1507 2081 1673 2148 vendibiles,
1694 2077 1817 2135 homiliis

163 2178 212 2227 aut
226 2170 400 2228 sermonibus
414 2170 515 2246 quibus
529 2169 701 2238 constabant,
717 2185 815 2243 magna
830 2171 944 2231 nomina
958 2192 1028 2248 saepe
1042 2175 1142 2249 sapius
1168 2175 1202 2232 ab
1224 2175 1388 2250 antiquariis
1412 2174 1550 2248 inscripta
1571 2188 1639 2229 esse.
1654 2172 1712 2228 Hoc
1726 2169 1816 2242 ipsam
1855 2173 1859 2180 '

161 2265 193 2322 iu
209 2263 254 2322 his
268 2265 441 2323 sermonibus
455 2272 547 2339 aperte
561 2263 756 2340 cognoscitar;
773 2280 836 2321 cum
852 2264 926 2321 enim
941 2265 1098 2338 antiquiora
1115 2265 1237 2338 ipsoram
1252 2265 1422 2338 exemplaria
1436 2262 1516 2320 nulla
1536 2262 1688 2318 habeamus
1701 2259 1817 2317 33331133

161 2355 355 2429 Lugdunensi,
378 2354 457 2428 caius
479 2353 570 2410 varias
593 2353 725 2411 lectiones
748 2351 895 2410 clarissimi
914 2353 1019 2409 Balazii
1034 2355 1163 2412 amicitiae
1179 2353 1320 2424 debemus,
1346 2361 1373 2412 et
1386 2353 1501 2411 caudice
1515 2349 1649 2416 Gallensi,
1662 2363 1743 2424 quem
1758 2363 1774 2404 a
1788 2363 1816 2404 se

163 2452 313 2504 tractatum
324 2453 405 2519 atque
419 2461 565 2502 excussum
581 2450 696 2501 testatur
704 2441 883 2500 hiabillonius
895 2452 988 2500 nester
1006 2454 1069 2501 3313
1086 2445 1163 2502 mille
1177 2461 1263 2501 annos
1278 2452 1421 2501 exaratum
1437 2459 1505 2513 esse,
1521 2439 1710 2498 nibilominus
1722 2445 1815 2495 tamen

165 2537 268 2593 horum
284 2545 399 2610 uterque
417 2550 557 2591 sermones
570 2533 695 2591 continet
706 2532 843 2590 Gallensis
857 2534 969 2607 quidem
978 2534 1175 2608 Augustinum,
1191 2532 1383 2606 Lugdunensis
1398 2549 1464 2588 vero
1478 2529 1811 2604 Ambrosinmflaactorem

161 2625 236 2682 ialso
251 2633 430 2693 ostentantes,
446 2632 473 2683 et
487 2623 638 2680 maximam
653 2630 759 2697 partem
774 2630 868 2680 sancto
886 2624 1010 2680 Maximo
1038 2625 1233 2695 restituendos,
1256 2634 1286 2681 at
1309 2625 1342 2682 de
1365 2620 1539 2681 Gallensibus
1561 2617 1741 2678 hlabillonius
1757 2617 1814 2689 ipsa

166 2713 325 2786 profitetur.
341 2714 385 2770 Ex
406 2713 506 2770 harum
521 2728 638 2771 censura
660 2711 695 2773 de
718 2712 895 2785 bagdnaeusi
922 2720 1025 2772 statuas
1052 2715 1126 2785 11331,
1155 2730 1218 2771 cum
1235 2719 1351 2788 utroque
1376 2711 1471 2769 codice
1495 2708 1582 2766 iidem
1613 2705 1812 2781 propemodum
1875 2709 1880 2722 '

163 2819 309 2861 sermones
321 2803 514 2861 exhibeantur.
888 2811 891 2817 ’

198 2894 295 2968 Neque
309 2910 376 2952 vero
386 2893 569 2952 admirabitur
583 2891 728 2966 quisquam
745 2890 826 2948 beato
852 2889 974 2947 Maximo
992 2897 1034 2947 tot
1052 2907 1192 2948 sermones
1215 2890 1327 2961 ascribi,
1356 2887 1579 2964 qnandoquidem
1599 2902 1655 2944 nou
1671 2885 1813 2958 ignoratur

82 2987 85 2996 '
164 2991 290 3058 quantus
302 2983 331 3042 iu
346 2981 536 3042 concionando
549 2980 597 3039 hic
617 2987 728 3039 sanctus
742 2980 889 3038 exstiterit.
904 2981 983 3050 Quod
995 2990 1087 3040 antem
1109 3001 1144 3041 ex
1164 2982 1223 3056 ejas
1250 2982 1424 3040 sermonibus
1438 2997 1500 3055 3333
1516 2997 1572 3038 333
1587 2978 1704 3035 minima
1719 2983 1815 3033 trans-

159 3075 255 3148 cripta
270 3075 308 3133 sit
328 3075 357 3132 in
373 3073 514 3132 Ambrosii
529 3089 640 3143 namen,
654 3078 754 3146 praeter
768 3080 931 3129 memoratas
952 3073 1247 3147 scriptorumlraudes,
1269 3073 1299 3131 id
1325 3072 1408 3130 etiam
1433 3070 1499 3129 hinc
1522 3070 1613 3146 potuit
1639 3067 1811 3138 contingere,

159 3165 239 3239 quod
254 3181 317 3223 cum
331 3165 420 3240 Opem
433 3165 522 3222 sancti
537 3162 657 3221 doctoris
672 3163 760 3219 nostri
771 3161 868 3220 sedulo
882 3163 1027 3232 evolverit,
1046 3179 1198 3238 magnaque
1212 3164 1366 3236 fragmenta
1388 3179 1423 3219 ex
1444 3161 1548 3219 eisdem
1563 3177 1595 3218 ac
1609 3157 1812 3232 potissimame

157 3255 369 3315 Commentario
380 3255 409 3312 in
425 3257 526 3314 Lucam
540 3254 574 3312 ad
588 3253 703 3312 verbum
718 3262 847 3328 excerpta
860 3253 1002 3320 indiderit,
1019 3254 1149 3311 incautis·
1167 3252 1288 3309 librariis
1313 3251 1424 3308 errandi
1454 3246 1603 3324 praebuerit
1629 3245 1811 3312 occasionem,

155 3344 229 3403 inde
243 3345 373 3402 similiter
386 3345 523 3418 conjicere
535 3344 628 3400 lorsan
643 3344 724 3401 liceat
742 3359 798 3401 nen
822 3343 908 3402 aliurn
922 3352 1062 3401 auctorem
1086 3342 1165 3400 libris
1184 3358 1232 3399 seu
1248 3341 1422 3399 sermonibus
1434 3341 1475 3396 De
1492 3335 1665 3395 sacramentis
1682 3349 1811 3410 quaren-

156 3437 227 3496 dum
246 3454 314 3508 esse,
331 3455 413 3512 quam
427 3437 554 3496 eumdem
570 3435 722 3495 Maximum
740 3452 746 3492 :
762 3435 807 3494 cui
822 3434 986 3508 conjecture
1002 3435 1079 3492 loeus
1091 3450 1123 3490 ac
1137 3440 1246 3506 tempus
1260 3431 1479 3506 patrocinantur.

195 3526 261 3596 Qua
276 3533 341 3584 suut
356 3545 373 3584 3
387 3527 467 3585 uobis
485 3526 617 3585 hactenus
631 3522 715 3594 dicta,
732 3525 845 3597 planam
868 3522 975 3580 iaciunt
1003 3523 1076 3579 salas
1100 3537 1250 3590 sermones,
1278 3536 1313 3576 ex
1328 3519 1428 3594 quibus
1442 3517 1473 3573 in
1490 3515 1625 3573 librarum
1644 3511 1761 3568 lormam
1776 3507 1810 3566 ab

155 3615 307 3674 Autbrosio
324 3615 384 3690 ipso
398 3613 528 3685 redactis,
542 3622 636 3671 tamus
659 3613 736 3686 prior
753 3619 828 3670 totus
844 3613 900 3669 lere
917 3612 1103 3685 componitur,
1127 3619 1154 3668 et
1167 3625 1266 3683 magna
1289 3624 1397 3684 quoqne
1420 3623 1483 3680 pars
1504 3601 1673 3678 posterioris,
1686 3597 1810 3656 Ambra-

156 3707 253 3764 sianos
267 3713 342 3764 certo
358 3705 460 3764 vocari.
481 3707 537 3764 Nos
559 3704 645 3778 igitur
657 3711 760 3760 temere
780 3703 876 3760 iecisse
891 3719 947 3760 non
962 3702 1132 3772 videbimur,
1147 3701 1220 3776 quod
1234 3701 1343 3757 nullam
1359 3715 1454 3756 eorum
1473 3713 1541 3771 quos
1554 3693 1602 3751 hic
1615 3689 1808 3765 expendimus,

156 3797 330 3872 interOpera
342 3799 429 3857 sancti
445 3797 572 3856 Dactaris
587 3810 652 3852 vera
668 3801 695 3850 et
710 3795 853 3866 explorata
878 3793 1056 3852 ediderimus.
1071 3793 1141 3852 Cum
1158 3799 1249 3848 autern
1265 3808 1300 3849 ex
1315 3791 1360 3847 his
1384 3788 1434 3844 3111
1450 3803 1508 3844 333
1523 3785 1579 3843 3131
1593 3781 1666 3858 apud
1687 3777 1810 3838 Ambra-

156 3886 244 3955 sium,
260 3887 308 3944 alil
323 3903 389 3945 vero
404 3887 487 3945 etiam
501 3887 569 3945 alibi
588 3883 694 3958 vulgati
714 3891 834 3954 exstent,
858 3884 964 3956 priores
992 3891 1098 3940 tantum
1110 3878 1314 3950 exhibebimus,
1330 3895 1364 3935 ne
1378 3877 1499 3951 pondere
1515 3875 1608 3931 minus
1621 3871 1685 3928 utili
1704 3875 1809 3926 crescat

157 3976 304 4031 volumen.
324 3976 455 4034 Attamen
477 3987 509 4035 ut
525 3977 611 4050 magis
626 3983 717 4049 pateat
740 3991 790 4032 aas
816 3973 941 4030 liberiori
961 3987 1075 4030 censura
1098 3969 1311 4044 haudquaquam
1334 3983 1408 4038 asos,
1425 3965 1559 4039 cujusque
1576 3958 1710 4020 sermonis
1725 3955 1808 4028 capiti

160 4064 282 4120 strictim
297 4065 494 4136 praemittemus
516 4083 561 4124 eas
575 4066 702 4136 rationes,
720 4066 797 4138 queis
819 4081 854 4122 ae
869 4064 948 4121 illum
963 4059 1175 4119 Ambrosianum
1188 4059 1396 4127 arbitraremur,
1419 4055 1529 4112 adducti
1545 4068 1649 4110 sumus.
1667 4049 1722 4104 Nec
1739 4061 1808 4118 pra-

160 4157 256 4224 pterea
276 4149 490 4222 oblectabimur,
513 4153 537 4210 si
559 4154 623 4226 quis
645 4155 778 4212 lectorum
799 4152 909 4211 eosdem
933 4167 1073 4210 sermones
1092 4149 1261 4224 argumentis
1282 4146 1436 4222 potioribus
1453 4139 1600 4200 Ambrosio
1614 4143 1709 4194 nostra
1724 4133 1808 4190 iverit

160 4237 345 4296 vindicatum.
1626 4275 1630 4288 ,

195 4326 276 4394 Quod
292 4342 375 4400 porro
389 4326 424 4384 331
437 4342 483 4384 eas
496 4327 654 4396 conciones,
668 4345 728 4402 qua
742 4329 770 4386 in
788 4329 908 4388 aliorum
928 4330 1040 4389 Patrem
1065 4329 1194 4403 operibus
1219 4328 1464 4393 circumferantur,
1488 4339 1551 4382 cum
1574 4337 1630 4395 prm
1656 4317 1761 4376 caeteris
1775 4331 1807 4374 eo

157 4432 268 4492 quoque
283 4415 448 4490 prejudicio
462 4416 527 4474 solae
546 4415 680 4482 laborent,
696 4417 768 4488 quod
791 4435 846 4475 uon
865 4419 952 4492 magis
967 4420 1125 4490 Ambrosio,
1150 4436 1232 4493 qnam
1246 4418 1289 4474 vel
1305 4415 1426 4476 Maximo
1440 4414 1485 4470 vel
1511 4411 1595 4469 alicui
1608 4409 1687 4468 alteri
1701 4406 1808 4482 adjudi-

157 4513 315 4576 33133331,
340 4506 434 4564 minas
453 4506 551 4564 timide
572 4505 646 4578 ipsas
661 4505 818 4564 recidimus.
833 4507 872 4564 Ne
887 4525 953 4568 vero
966 4512 1105 4584 negotiana
1121 4510 1241 4583 cuipiam
1255 4509 1369 4567 lacessat
1384 4508 1433 4566 1113
1446 4504 1573 4574 mutatio,
1591 4505 1700 4578 gemina
1715 4499 1807 4558 indice

157 4595 361 4668 providebitur.
386 4594 510 4663 Quorum
525 4595 555 4652 in
570 4595 661 4669 primo
678 4610 817 4653 sermones
831 4597 927 4655 omissi
941 4599 1151 4658 collocabuntur
1165 4601 1213 4657 1311
1236 4600 1344 4670 ordine,
1359 4606 1460 4656 utnon
1476 4596 1566 4654 salum
1589 4609 1672 4668 quam
1687 4591 1806 4668 quisque

156 4685 250 4742 sedern
270 4684 393 4742 3313313
408 4684 578 4743 editionibus
599 4683 790 4743 Ambrosianis
813 4684 973 4757 obtinuerit,
1001 4690 1200 4747 verumetiam
1226 4689 1299 4764 apud
1327 4705 1408 4764 quem
1432 4688 1544 4744 Petrum
1569 4683 1805 4758 3333313133,333

157 4775 264 4832 1313113
284 4773 427 4832 advertere
441 4774 488 4832 sit.
503 4774 535 4831 ln
548 4775 669 4834 secundo
679 4774 771 4834 indice
790 4775 892 4849 triplex
906 4778 989 4833 333133
1004 4795 1099 4835 eorum
1115 4795 1285 4849 sermonum,
1304 4796 1373 4853 qaas
1397 4778 1559 4844 retinemus,
1579 4775 1618 4831 113
1631 4777 1805 4838 contexetur,

156 4871 189 4922 ut
204 4880 300 4922 amnes
315 4862 504 4922 Ambrosianus
520 4863 665 4932 editiones,
680 4865 800 4941 antiqua
814 4865 955 4935 videlicet,
972 4869 1104 4938 Romana,
1117 4879 1143 4927 et
1160 4887 1231 4927 aava
1245 4877 1338 4926 nostra
1352 4887 1366 4926 e
1382 4869 1494 4942 regione
1505 4865 1626 4925 invicem
1642 4861 1695 4921 sibi
1710 4859 1806 4936 posita

155 4961 360 5030 comparentur.
377 4953 429 5012 Sed
444 4953 522 5026 prius
536 4953 660 5028 quadam
671 4953 706 5011 ad
717 4955 836 5014 omissas
845 4972 985 5013 sermones
1001 4957 1142 5030 speciatim
1158 4957 1325 5031 pertinentia
1339 4953 1498 5014 annotanda
1511 4961 1587 5011 sant.

194 5045 330 5102 Sermones
344 5044 376 5100 de
393 5045 529 5118 Tempore.
549 5075 585 5086 -
597 5044 705 5101 Priores
719 5044 787 5115 dao,
806 5047 936 5104 llomaaae
952 5047 1058 5106 scilicet
1079 5049 1210 5108 editionis
1224 5051 1331 5124 primus
1346 5065 1378 5108 ac
1399 5049 1508 5116 tertius,
1527 5047 1557 5102 13
1571 5041 1691 5102 Gallensi
1711 5038 1805 5098 3331133

154 5131 313 5206 Augustino
327 5132 529 5204 attribuuntur,
545 5133 592 5191 sed
607 5135 636 5190 in
652 5132 811 5193 Carbeiensi
833 5151 865 5192 ac
884 5135 1074 5207 Germaneusi,
1090 5139 1207 5214 aliisque
1225 5139 1351 5212 pluribus
1376 5137 1478 5195 dantur
1501 5135 1633 5203 Maximo,
1654 5147 1734 5207 quern
1751 5126 1804 5184 toti

154 5221 272 5295 spirant.
287 5222 361 5281 idem
378 5224 459 5280 etiam
476 5223 510 5280 de
524 5223 648 5298 sequenti
659 5224 751 5284 dicere
766 5225 841 5295 licet,
857 5225 938 5298 cnjus
953 5227 1162 5302 inscriptionem
1175 5228 1464 5303 eodexlmgdunensis
1477 5243 1570 5284 veram
1587 5224 1659 5280 hanc
1673 5217 1801 5294 praefert:

153 5312 302 5369 Dicendum
314 5319 375 5369 ante
385 5313 482 5372 Natale
495 5313 615 5370 Domini.

191 5401 311 5470 Quartus
324 5401 501 5472 omissorum,
517 5401 565 5476 qai
579 5409 673 5462 sextus
697 5412 739 5461 est
754 5404 885 5462 Romanus
904 5404 1047 5476 editionis,
1062 5406 1092 5462 in
1116 5403 1277 5478 Appendice
1300 5403 1504 5476 Augustiniana
1518 5399 1637 5458 Cesario
1651 5391 1800 5450 addicitur.

154 5493 226 5552 11313
241 5491 367 5566 33131331
383 5493 456 5551 haud
478 5494 668 5564 reclamamus,
684 5495 859 5556 admonuisse
878 5515 976 5570 nempe
989 5497 1112 5556 contenti
1128 5494 1347 5568 comparationes
1367 5494 1396 5550 in
1412 5511 1443 5549 eo
1458 5507 1527 5557 osse,
1542 5503 1601 5561 qaae
1625 5500 1688 5542 cum
1704 5471 1818 5554 legan-'

154 5590 203 5640 tur
216 5582 245 5638 in
260 5583 434 5641 sermonibus
449 5600 531 5657 33333
551 5587 720 5657 memoratis,
735 5587 977 5662 interpolationem
994 5586 1125 5644 videntur
1139 5600 1263 5658 arguere.
1288 5583 1446 5639 Sermonem
1462 5577 1564 5653 pariter·
1579 5580 1639 5648 post
1653 5573 1704 5630 has
1720 5571 1802 5629 oratis·

154 5689 227 5742 sum,
241 5669 270 5728 id
285 5682 336 5744 est,
352 5673 547 5732 duodecimum
562 5674 643 5734 dietae
658 5675 792 5734 editionis
806 5678 900 5734 eadem
916 5677 1062 5752 Appendix
1082 5675 1182 5733 tribuit
1203 5675 1321 5733 Caesarie
1341 5691 1346 5728 :
1375 5668 1519 5729 Ambrosio
1534 5679 1599 5720 sane
1613 5681 1677 5722 eum
1697 5663 1744 5739 qui
1766 5664 1803 5724 le·

156 5762 239 5836 gerit,
249 5777 332 5822 nemo
346 5762 458 5824 tribuet.
466 5764 523 5825 Nec
529 5764 585 5824 alio
597 5765 683 5826 medo
693 5764 727 5825 de
741 5767 930 5842 subsequenti,
940 5783 1021 5841 quem
1031 5767 1061 5825 13
1071 5765 1232 5842 Appendice
1239 5779 1395 5823 sermonem
1406 5755 1554 5836 Augustini
1568 5757 1653 5818 etiam
1669 5755 1800 5832 reperias,
