4094 6182
161 365 226 425 att.
699 353 881 416 coublans.
901 353 938 413 IN
955 351 1064 413 nemu.
1085 353 1134 412 All
1152 350 1284 410 GALAT.
1763 349 1817 411 :tta

163 491 192 550 id
207 498 258 560 eet,
272 487 399 562 Moysen,
416 493 445 544 et
469 483 563 543 lesum
587 480 678 540 illium
702 481 777 540 Naue
798 487 825 539 et
848 481 1049 545 ceteroehue
1067 478 1198 538 fratribus
1219 479 1318 538 vestris
1346 477 1436 553 (Deest.
1458 494 1541 550 ιιιιι,
1568 477 1625 552 lt).
1652 501 1661 528 ·
1692 476 1753 537 lloo
1783 477 1818 538 de

163 579 312 656 prophetas
332 592 422 652 usque
448 574 484 633 ed
504 573 636 632 loannem
656 571 818 646 baptistam,
847 571 882 629 de
909 588 964 646 quo
1019 570 1129 631 Christo
1148 569 1252 628 dictum
1272 569 1367 626 Petrus
1387 567 1526 642 apostolus
1558 567 1656 642 probat
1685 566 1716 625 in
1740 564 1819 626 Actis

162 673 235 730 neue
244 667 427 728 melaz-uoce
442 664 521 723 mitto
535 663 664 736 angelum
680 677 772 721 meum
787 669 850 720 ante
865 663 964 721 faciem
1019 662 1205 736 apostolorum
1230 657 1301 733 (Act.
1329 675 1370 728 nr,
1387 658 1445 732 22).
1469 657 1603 715 «Etenim
1624 659 1648 725 ei
1662 657 1727 717 data
1748 665 1819 716 esset

161 769 240 819 tuam
254 757 388 832 (Moloeis.
402 773 444 821 nr,
460 754 498 826 l).
515 779 525 802 »
544 753 595 810 Per
608 751 660 810 bos
674 767 739 826 ergo
752 753 798 810 lex
824 752 963 823 ordinata,
1020 752 1075 820 lex,
1091 767 1152 824 quae
1165 755 1256 823 posset
1269 747 1421 818 vivilicere,
1437 764 1500 805 vere
1515 765 1549 805 ex
1568 750 1627 822 lege
1647 756 1718 805 esset
1728 747 1818 822 justi-

161 849 302 926 diepoeita
315 855 385 906 esta
401 847 458 904 Deo
473 844 503 903 in
518 858 613 912 menn,
625 842 653 900 id
667 849 709 900 eet
723 849 857 915 potestate
869 841 962 901 Salva·
1019 843 1067 899 tia.
1084 867 1093 890 ·
1113 839 1253 898 laetitiam
1268 838 1338 896 hanc
1352 837 1431 906 dicit,
1445 855 1506 913 qua
1518 841 1591 913 apud
1606 841 1693 897 Deum
1719 838 1817 913 impu-

160 943 323 1014 toris;ipse
335 937 462 997 estenim
483 935 619 993 mediator
636 934 681 991 vel
696 932 890 992 reconciliator
913 933 963 991 Dei
1018 938 1093 988 tatur
1110 929 1230 1003 justitia,
1256 928 1283 986 id
1312 935 1364 998 est,
1394 927 1468 998 fidei,
1499 929 1566 1004 quia
1595 937 1622 984 et
1650 928 1696 984 lex
1720 926 1818 985 babuit

160 1039 190 1091 et
209 1031 355 1090 bominum
367 1027 397 1101 (l
414 1027 483 1085 tim.
494 1043 526 1094 ιι,
537 1025 579 1098 6),
592 1033 623 1082 ιι
633 1025 721 1082 salvet
731 1040 802 1098 quoe
816 1023 878 1080 vult
885 1039 919 1079 ex
930 1022 965 1082 iis
1015 1021 1163 1095 justitiam,
1172 1020 1220 1077 sed
1234 1020 1268 1076 ad
1281 1035 1409 1092 presens,
1425 1035 1480 1074 non
1495 1033 1556 1093 que
1563 1016 1730 1090 justificaret
1743 1017 1817 1091 apud

161 1122 212 1198 qui
222 1123 310 1195 legem
326 1135 377 1193 per
390 1121 640 1190 supramemoratus
655 1113 765 1187 angelos
786 1122 961 1187 acceperunt.
1018 1113 1116 1170 Deum.
1137 1111 1285 1170 Remittere
1300 1110 1374 1166 enim
1405 1115 1515 1182 peccata
1538 1125 1593 1166 non
1607 1109 1706 1182 potuit,
1725 1115 1758 1167 ut
1782 1109 1817 1167 de

161 1213 224 1285 lpse
242 1208 385 1267 enimait:
405 1206 577 1264 «SioutPater
587 1203 701 1262 suscitat
715 1210 839 1261 mortuos
855 1203 964 1261 etvivi-
1019 1200 1209 1290 peccatoribus
1222 1200 1322 1257 laceret
1334 1196 1440 1271 justos;
1456 1198 1503 1256 sed
1518 1198 1552 1255 ad
1566 1197 1619 1255 hoc
1633 1200 1696 1256 data
1719 1207 1770 1269 eet,
1786 1206 1818 1256 ut

164 1301 248 1358 licat:
264 1298 304 1357 sic
317 1306 344 1355 ιι
354 1296 443 1354 Filius
455 1311 524 1370 quos
538 1293 737 1362 vult,vivilicat
751 1292 957 1366 (doua.v,hl).·
1018 1291 1116 1349 terrori
1135 1300 1206 1350 emet
1230 1305 1383 1364 provocans
1403 1287 1530 1345 homines
1548 1289 1583 1347 ad
1604 1287 1705 1346 bonam
1719 1289 1815 1357 vitam,

205 1389 294 1462 (Vere.
309 1387 368 1459 20.)
395 1384 555 1443 «Mediator
582 1393 674 1442 autem
697 1383 781 1441 unius
800 1399 856 1440 non
879 1389 930 1440 est.
948 1405 957 1431 ·
1018 1381 1202 1440 irreverentes
1216 1379 1343 1455 puniens.
1359 1380 1477 1454 Ideoque
1492 1387 1598 1436 nonest
1612 1380 1676 1437 data
1694 1378 1813 1453 lemque

162 1479 229 1537 Sine
247 1476 332 1535 dubio
347 1473 612 1545 mediator‚boeest‚
625 1472 729 1532 arbiter
743 1489 799 1530 uon
813 1481 855 1530 est
868 1471 962 1541 unius,
1018 1480 1108 1546 posset
1121 1471 1273 1540 vivificare,
1288 1469 1336 1528 sed
1352 1467 1544 1526 condemnare.

161 1567 211 1627 sed
229 1566 349 1626 duorum
361 1584 369 1635 ;
382 1581 447 1624 cum
460 1561 534 1621 enim
548 1562 604 1620 duo
612 1562 708 1637 populi
718 1561 838 1620 invicem
859 1560 964 1618 edver—
1055 1561 1146 1636 (llere.
1162 1561 1221 1634 22.)
1243 1559 1320 1617 «Sed
1345 1559 1481 1616 conclusit
1495 1557 1637 1630 Scriptura
1657 1556 1752 1614 omnia
1765 1559 1817 1616 sub

160 1675 210 1717 ⁸¹1⁸
227 1673 256 1715 ιθ
277 1655 455 1722 dimicarent,
484 1669 592 1726 ⁸³¹11l)er
615 1652 779 1710 diffident&
806 1658 833 1709 θῑ
855 1649 963 1708 inimici
1018 1661 1140 1730 peccato,
1153 1663 1184 1712 ut
1198 1654 1344 1728 promissio
1359 1671 1394 1712 ex
1413 1655 1467 1712 lide
1493 1653 1557 1712 Jeeu
1582 1651 1686 1713 Christi
1701 1653 1816 1710 daretur

161 1746 323 1806 divertimur
342 1743 488 1811 doctrinm,
508 1743 637 1801 Salvator
661 1742 762 1800 hOrum
786 1741 890 1799 arbiter
911 1758 964 1798 ve·
1018 1746 1205 1806 credentibus.
1222 1773 1231 1796 ι
1251 1746 1332 1803 lluno
1343 1761 1454 1802 sensum
1470 1753 1497 1801 et
1511 1745 1545 1808 ad
1559 1745 1697 1802 Romanos
1707 1741 1810 1815 posuit,

161 1837 218 1906 nit,
232 1843 378 1910 amputans
396 1833 522 1908 utrisque
535 1831 646 1907 populis
666 1849 715 1906 per
728 1833 803 1906 quod
817 1831 963 1890 discorda·
979 1848 1002 1910 Β
1019 1835 1133 1896 dicens:
1162 1861 1170 1883 ι
1195 1835 1337 1895 Conclusit
1350 1838 1424 1894 Deus
1448 1833 1542 1892 omitia
1563 1833 1614 1891 sub
1635 1823 1763 1904 peccat03
1780 1837 1812 1887 ut

160 1927 243 1996 bant,
262 1933 295 1983 ut
314 1930 423 1998 possent
444 1939 504 1981 esse
527 1921 647 1997 pacifici.
666 1922 792 1979 Abstulit
805 1937 870 1996 ergo
891 1938 963 1995 gen·
1019 1926 1144 1983 omnium
1159 1926 1320 1983 misereatur
1333 1925 1421 1998 (Rom.
1437 1941 1477 1994 ιι,
1495 1921 1565 1996 32.)
1585 1923 1642 1979 lloc
1652 1920 1725 1978 dixit
1742 1919 1817 1993 quod

163 2015 245 2074 tibus
253 2029 396 2072 numerum
409 2013 567 2082 deorumst
577 2011 742 2068 lamulatum
752 2012 963 2081 elementorum,
1018 2031 1101 2089 supra
1123 2016 1284 2086 memoravi,
1312 2014 1377 2089 quia
1402 2016 1449 2072 lex
1479 2013 1514 2071 ad
1542 2012 1596 2072 hoc
1626 2011 1761 2079 (luteast,
1785 2017 1817 2067 ιι

162 2104 242 2182 quod
254 2104 413 2164 smudalum
437 2111 496 2162 erat
516 2100 657 2168 Hebraeis:
682 2101 798 2159 abstulit
821 2108 849 2159 et
862 2101 964 2160 ludaeis
1018 2113 1173 2180 peccatores
1187 2122 1246 2164 reos
1259 2121 1288 2162 ee
1302 2105 1404 2163 scirent
1418 2103 1491 2177 apud
1514 2105 1613 2161 Deum.
1635 2099 1818 2159 manifestatis

160 2211 247 2270 opera
279 2193 357 2267 logis,
392 2192 421 2251 id
454 2199 496 2250 est
517 2191 687 2261 neomenias,
710 2191 962 2262 circumsisionem,
1019 2194 1093 2252 enim
1115 2194 1235 2268 peccatis
1254 2194 1321 2263 suis,
1342 2191 1466 2252 conclusi
1488 2199 1564 2262 sunt,
1585 2198 1617 2248 ut
1635 2207 1664 2248 se
1685 2206 1817 2248 excusare

160 2294 191 2346 et
203 2301 300 2344 curam
314 2281 438 2352 Sabbati,
454 2290 482 2340 et
498 2279 678 2339 discretiones
698 2297 833 2350 escarum,
859 2289 886 2340 et
905 2297 964 2339 oa·
1018 2300 1073 2341 non
1093 2293 1214 2358 possent,
1225 2284 1272 2343 sed
1287 2291 1442 2359 quererent
1457 2280 1693 2350 misericordiam
1708 2289 1741 2339 ut
1765 2295 1818 2336 ve-

161 2383 222 2435 tera
243 2391 305 2450 que
326 2371 558 2432 abominabantur
571 2370 706 2444 gentiles,
721 2377 748 2428 et
766 2372 807 2429 sio
819 2369 885 2429 lacti
899 2378 965 2429 suut
1019 2373 1096 2431 niens
1108 2375 1155 2449 qui
1170 2373 1392 2448 promiseneerat
1415 2371 1544 2444 Abrabae,
1568 2371 1651 2430 fidem
1681 2372 1767 2430 solam
1784 2369 1818 2427 ab

162 2462 284 2540 pacifici,
297 2462 345 2538 qui
362 2461 439 2535 prius
453 2459 563 2518 fuerant
574 2459 694 2516 inimici·
710 2458 739 2516 Si
763 2474 829 2533 ergo
852 2459 911 2517 haec
925 2460 964 2517 ita
1018 2461 1058 2519 eis
1070 2473 1203 2536 posceret,
1220 2481 1302 2538 quem
1317 2462 1415 2521 babuit
1430 2462 1580 2532 Abraham3
1595 2470 1627 2520 ut
1640 2469 1667 2520 et
1680 2463 1815 2519 malorum

160 2571 195 2613 se
216 2555 329 2622 babent,
344 2551 411 2626 quid
431 2556 473 2608 est
494 2559 525 2608 ut
544 2549 647 2606 Galatae
670 2545 839 2607 hebetudine
862 2551 963 2607 mentis
1018 2567 1131 2611 suorum
1146 2554 1250 2623 veniat,
1264 2560 1291 2610 et
1300 2551 1531 2625 justificationem
1553 2559 1735 2608 mererentur.
1759 2550 1818 2605 lloc

160 2644 312 2704 arbitrium
326 2644 402 2703 istud
416 2650 595 2718 corrumpent
615 2641 686 2715 (66),
711 2643 838 2699 ιοιιιιιί
861 2640 964 2700 edlu·
1017 2641 1090 2698 enim
1115 2643 1338 2700 manifestaverat
1361 2644 1434 2699 Deus
1455 2657 1503 2715 per
1520 2641 1617 2699 lsaiam
1641 2638 1814 2714 prophetam,

160 2734 331 2796 daieurumi
353 2733 494 2792 iudicium
517 2732 591 2791 enim
620 2731 770 2790 Salvatoris
798 2731 827 2787 in
849 2731 962 2812 irritum
1017 2730 1129 2790 dicens:
1161 2759 1170 2781 ι
1190 2734 1290 2792 Veniet
1310 2749 1345 2790 ιιι
1366 2732 1444 2801 Sion,
1468 2731 1516 2807 qui
1540 2731 1639 2805 eripiat
1662 2741 1690 2788 et
1711 2738 1818 2788 avertat

161 2825 280 2893 ducunt,
297 2823 407 2897 mando
430 2829 494 2897 post
517 2821 619 2881 iactatu
643 2837 747 2894 pacem,
774 2821 853 2896 quasi
868 2823 962 2895 poeni-
1018 2818 1189 2894 impietatem
1209 2823 1244 2880 ab
1263 2822 1355 2891 Jacob,
1378 2829 1405 2879 et
1432 2820 1485 2879 boe
1499 2820 1552 2878 erit
1573 2821 1661 2878 illisa
1678 2835 1721 2877 me
1734 2829 1817 2878 testa·

162 2921 254 2972 tentes
274 2910 308 2969 de
331 2927 373 2982 ea,
396 2910 549 2986 subjiciunt
575 2927 604 2970 se
627 2911 693 2982 illis,
718 2927 779 2987 qua
803 2911 882 2986 prius
902 2913 963 2985 paci
1018 2921 1153 2982 mentum,
1167 2929 1231 2972 cum
1251 2913 1389 2970 abstulero
1414 2917 1523 2985 peccata
1543 2926 1639 2967 eorum
1660 2910 1729 2982 (leo.
1755 2927 1814 2980 ιιι,

162 3003 275 3061 fuerant
300 3001 424 3059 inimica.
457 2999 542 3058 Juxta
573 3016 684 3058 sensum
716 3017 780 3075 ergo
803 3001 962 3060 Galatarum
1022 3003 1107 3077 hol..

162 3090 292 3152 Christus
303 3090 405 3148 arbiter
417 3105 474 3148 1¹0⁰
488 3095 545 3158 0⁵23
561 3087 627 3163 quia
648 3087 756 3146 inducti
771 3088 799 3144 in
820 3088 907 3162 legem
929 3090 963 3147 do
1053 3094 1145 3168 (Vere.
1159 3092 1202 3151 23.
1221 3093 1231 3164 )
1249 3091 1349 3150 «Prius
1361 3092 1435 3150 euim
1451 3107 1534 3168 quam
1553 3089 1661 3148 veniret
1675 3089 1753 3159 fides,
1765 3088 1817 3146 sub

162 3180 275 3239 duobus
295 3180 405 3254 populis
427 3195 515 3237 uuum
545 3178 681 3248 iecerunt,
706 3186 733 3236 et
759 3178 843 3237 unius
866 3181 962 3255 utique
982 3186 1078 3271 cloga
1097 3182 1331 3252 custodiebamur,
1354 3181 1478 3239 conclusi
1511 3181 1541 3238 in
1564 3180 1688 3238 eamdem
1719 3179 1813 3245 iidem,

165 3269 263 3345 populi
272 3269 376 3327 arbiter
390 3284 472 3326 neruo
484 3277 536 3326 ost.
554 3269 634 3326 Hunc
655 3267 783 3325 eumdem
805 3285 917 3328 sensum
931 3271 965 3328 ad
1019 3292 1080 3348 quas
1095 3273 1245 3348 incipiebat
1261 3272 1387 3329 revelari.
1408 3297 1418 3322 ι
1440 3273 1557 3341 licceat,
1578 3270 1653 3345 quod
1669 3267 1817 3342 dicit,qnia

164 3357 302 3434 Ephesios
321 3358 498 3433 prosequitur
522 3356 635 3415 dicens:
665 3357 743 3432 *lpse
759 3357 834 3415 enim
858 3368 898 3418 eet
913 3376 966 3433 pax
1020 3353 1165 3438 autequar'n
1177 3362 1284 3420 veniret
1298 3361 1432 3430 Salvator,
1451 3359 1504 3417 sub
1518 3360 1586 3433 legis
1601 3357 1729 3417 custodia
1756 3371 1815 3428 age·

164 3455 272 3518 nostra,
291 3447 340 3524 qui
364 3447 429 3506 iecit
451 3453 569 3522 utraque
581 3462 679 3518 uuum,
694 3453 723 3504 et
737 3447 858 3504 medium
873 3449 966 3522 pario-¹
1019 3454 1127 3521 bemus,
1158 3467 1193 3508 ne
1216 3465 1411 3525 peccaremus:
1439 3457 1469 3505 ut
1484 3449 1612 3506 veniente
1634 3445 1818 3522 promissione

163 3545 225 3596 tem
236 3537 360 3597 maceries
375 3538 495 3608 solvens,
511 3536 688 3596 inimicitiam
706 3535 737 3594 iu
758 3553 901 3596 cameeua
921 3540 966 3596 le·
1020 3544 1097 3619 digni
1119 3561 1249 3602 ιιιιιιιι.
1270 3543 1326 3601 llec
1345 3542 1420 3599 euim
1442 3557 1489 3615 ιρι
1506 3542 1551 3598 ιιι
1565 3529 1651 3598 'tutos
1671 3538 1818 3613 prestabat

164 3643 228 3700 gem
249 3629 442 3688 mandatorum
466 3629 496 3686 in
518 3627 636 3686 decretis
665 3643 822 3696 evacuans;
843 3637 873 3686 ut
896 3629 966 3688 duos
1020 3651 1080 3703 nos,
1108 3643 1140 3691 ut
1162 3633 1285 3691 venienti
1308 3629 1419 3691 Christo
1445 3630 1555 3688 offerret
1568 3645 1629 3697 noe,
1656 3627 1746 3685 idest
1772 3628 1817 3684 lu·

165 3716 300 3776 conderet
326 3718 357 3775 in
379 3733 408 3775 se
436 3733 493 3775 uno
512 3733 585 3774 novo
606 3715 729 3787 bomine,
744 3715 849 3775 iaciens
871 3733 966 3792 pacem
1020 3724 1103 3782 daos.

167 3805 279 3881 (eptas.
295 3827 327 3881 ιι,
344 3809 388 3880 tt,
405 3809 486 3882 16).»
507 3808 536 3865 Si
551 3807 581 3865 in
602 3824 659 3865 uno
683 3824 757 3866 noro
771 3807 884 3865 bomine
901 3808 967 3867 iacit
1057 3815 1148 3888 (Vara,
1165 3813 1223 3888 ιι)
1255 3837 1264 3862 ι
1287 3814 1382 3888 Itaque
1406 3815 1452 3870 lex
1475 3811 1636 3887 paedagogus
1649 3817 1743 3869 noster
1764 3807 1820 3866 luit

164 3911 273 3970 parem,
299 3898 432 3957 ambobus
449 3899 545 3973 utique
563 3897 688 3968 abstulit,
713 3915 763 3974 per
788 3899 862 3973 quod
887 3899 967 3958 disei-
1021 3903 1051 3960 iu
1065 3903 1175 3963 Christo
1188 3904 1262 3973 lesu,
1276 3911 1307 3960 ut
1330 3919 1366 3960 ex
1388 3901 1444 3960 lide
1463 3899 1691 3975 justificaremur.
1710 3924 1720 3949 ›
1743 3897 1819 3956 ldem

162 3986 288 4044 debant:
312 3993 340 4042 et
357 3987 412 4044 boc
429 3987 469 4043 eie
492 3987 587 4044 statuit
608 3988 672 4046 data
685 4003 735 4046 sua
750 3989 818 4062 lege,
833 4004 881 4061 per
893 3991 967 4063 quod
1022 4009 1116 4052 sensus
1127 4001 1179 4063 est,
1199 3993 1265 4067 quia
1281 3993 1333 4052 sub
1356 4009 1423 4051 oure
1436 3992 1503 4065 legis
1527 4005 1648 4060 eramus,
1664 3990 1752 4047 donec
1766 4001 1819 4044 ve-

161 4082 262 4132 essem
282 4072 403 4146 lmffivi·
428 4073 485 4131 1100
506 4073 607 4132 Gslttae
628 4081 697 4142 252
716 4077 876 4150 irruperunt
904 4094 967 4136 con.
1021 4079 1246 4152 niret'Christus,
1262 4081 1310 4158 qui
1323 4100 1373 4141 nos
1387 4081 1529 4140 credentes
1535 4079 1713 4152 justificaret.

166 4167 247 4226 versi
273 4167 309 4225 ad
330 4168 510 4228 ludaiemun:
542 4174 649 4230 «Deus
680 4191 745 4234 vero
775 4191 848 4235 unus
876 4183 960 4235 est.»
1059 4171 1150 4244 (Vere.
1166 4172 1211 4241 ts,
1226 4172 1284 4246 26.)
1310 4195 1319 4220 ι
1341 4171 1476 4231 Veniente
1497 4175 1588 4226 autem
1608 4165 1742 4240 lide‚jam
1762 4180 1818 4223 non

164 4257 231 4318 Hoc
248 4256 330 4327 dicit,
349 4273 384 4313 ue
405 4256 547 4316 Christum
566 4260 740 4333 predicando
762 4266 862 4335 Deum,
885 4281 968 4340 quem
1021 4259 1073 4318 sub
1088 4259 1233 4335 paedagogo
1261 4277 1374 4328 sumus;
1396 4273 1491 4316 omnes
1509 4255 1583 4315 enim
1609 4254 1661 4313 lilii
1682 4255 1733 4313 Dei
1752 4253 1820 4314 ostie

164 4346 306 4406 arbitrum
321 4344 392 4404 dicit
404 4346 453 4402 uni
468 4347 536 4415 Deo,
556 4347 718 4420 predicasse
740 4361 882 4424 putaretur
906 4354 966 4429 (67)
1022 4365 1070 4422 ριι
1083 4349 1177 4420 tidem,
1191 4366 1251 4423 quae
1266 4356 1307 4406 est
1322 4349 1351 4406 in
1377 4346 1489 4407 Christo
1510 4346 1613 4404 lesu.»
1648 4345 1705 4404 Sub
1720 4344 1819 4420 pada-

166 4444 267 4495 conus
292 4437 378 4510 regem
405 4445 433 4495 ee
454 4435 614 4511 prophetas.
639 4437 781 4496 armum
806 4459 869 4517 ergo
889 4443 967 4504 nune
1022 4454 1090 4512 gogo
1104 4437 1151 4504 oui
1180 4437 1247 4511 agit,
1277 4437 1421 4510 porosum
1448 4453 1504 4494 suu
1518 4451 1575 4494 non
1602 4443 1661 4504 est;
1687 4435 1820 4510 parvulus

164 4539 219 4600 per
230 4523 445 4599 assumptionem
461 4525 553 4583 cernis
569 4524 691 4600 intelligi
706 4525 795 4598 docet,
815 4530 886 4587 siout
897 4533 966 4590 dicit
1021 4528 1095 4584 euitn
1122 4533 1150 4583 et
1183 4525 1306 4586 lubricus
1328 4525 1363 4583 sd
1392 4525 1560 4602 peccandum
1601 4525 1652 4584 sub
1680 4523 1819 4600 pedagogi

165 4611 206 4670 ad
219 4613 411 4672 l'imotbeum:
435 4639 445 4664 ι
468 4614 582 4674 Arbiter
603 4616 654 4673 Dei
674 4621 701 4672 et
724 4615 870 4674 homiuum
884 4617 966 4678 bomo
1019 4633 1085 4674 cura
1108 4617 1234 4674 babetur.
1257 4617 1391 4675 Veniente
1414 4625 1504 4675 autem
1526 4616 1646 4685 Christo,
1665 4615 1713 4690 qui
1742 4621 1819 4689 quasi

166 4703 249 4760 Jmue
258 4702 385 4762 Christus
400 4703 411 4776 (
421 4705 438 4762 l
449 4704 515 4761 Tire.
532 4721 563 4775 ιι,
587 4704 617 4776 6)
636 4723 669 4761 ει
691 4703 776 4778 justa
788 4713 881 4764 autem
897 4711 967 4782 quod
1023 4706 1056 4763 de
1079 4706 1234 4764 rniuoribus
1256 4706 1324 4764 lacit
1344 4705 1471 4779 majores,
1498 4704 1609 4763 liberati
1631 4703 1665 4762 de
1687 4713 1820 4779 potestate

169 4791 244 4848 Deus
271 4797 353 4862 eet,e
377 4791 454 4850 Patre
481 4791 557 4852 hunc
581 4808 637 4850 uon
658 4795 790 4868 separari,
810 4795 858 4854 sed
882 4815 967 4856 unuin
1022 4794 1172 4868 pedagogi,
1187 4811 1235 4868 per
1253 4795 1426 4853 ablutionem
1448 4803 1623 4869 peccatorum
1639 4795 1704 4854 lacti
1723 4811 1819 4853 sumus

169 4895 230 4937 esse
248 4897 314 4939 oum
335 4880 425 4938 Patre.
457 4882 522 4940 sive
557 4884 632 4941 enim
663 4886 752 4957 Peter,
781 4887 840 4946 sive
868 4889 966 4958 Filius,
1022 4881 1219 4954 filiiDeioum
1233 4883 1572 4958 essemusservipecosti.

169 4972 245 5030 Deua
257 4987 330 5030 unus
351 4978 411 5040 est;
436 4973 510 5031 Deus
527 4971 602 5031 enim
628 4981 734 5033 natura
755 4994 856 5036 nomen
878 4985 919 5036 est
941 4987 968 5036 et
1059 4981 1149 5054 (Vere.
1166 4983 1226 5056 27.)
1249 4982 1415 5056 «Quotquot
1428 4981 1503 5040 enim
1530 4982 1559 5040 iu
1587 4981 1698 5042 Christo
1718 4980 1820 5056 bapti-

171 5059 324 5132 potmtatis,
341 5077 424 5136 quani
439 5061 468 5120 in
483 5061 563 5119 Patre
576 5071 603 5120 et
625 5063 698 5122 Filio
713 5065 888 5126 individuam
913 5086 968 5126 ma·
1022 5069 1075 5127 zati
1096 5069 1171 5141 estis,
1191 5071 1333 5131 Christum
1357 5069 1499 5129 induistis.
1525 5095 1534 5120 ι
1565 5071 1624 5130 lloc
1646 5068 1726 5138 dicit,
1756 5069 1821 5142 quia

170 5165 237 5206 nere
252 5149 311 5223 ipsa
324 5149 470 5208 nominum
484 5151 555 5208 ratio
568 5151 656 5210 docet.
1022 5157 1163 5216 credentes
1186 5159 1253 5218 dum
1277 5160 1473 5230 immutentur,
1506 5158 1649 5220 Christum
1679 5160 1817 5224 induunt;

205 5239 300 5312 (Vere.
316 5241 374 5312 tl.)
396 5265 406 5289 ‹
420 5241 479 5298 Lex
493 5239 579 5316 igitur
589 5241 721 5303 adversus
736 5248 874 5321 promissa
887 5249 936 5306 Dei
953 5249 968 5306 l
1022 5246 1133 5324 quaudo
1146 5249 1199 5308 lroo
1210 5251 1395 5326 appellantur,
1409 5251 1484 5326 quod
1503 5250 1631 5311 credunt.

171 5328 263 5387 Absit.
280 5355 288 5378 ·
306 5329 387 5388 Absit
401 5331 506 5407 utique,
523 5332 588 5406 quia
602 5344 707 5392 nonest
722 5337 767 5396 lex
781 5338 894 5399 inimica
907 5356 967 5414 pro
1058 5339 1149 5412 (Vere.
1162 5340 1206 5399 28.
1225 5340 1236 5414 )
1253 5361 1268 5396 u
1282 5343 1342 5402 Non
1357 5350 1398 5401 cst
1411 5341 1522 5401 ludeus
1534 5358 1622 5418 neque
1635 5341 1763 5399 Grecue:

171 5415 325 5487 missionis,
341 5416 444 5492 quippe
459 5435 523 5476 euru
538 5419 685 5478 confirmet
698 5438 767 5480 eam.
782 5425 850 5483 Nam
862 5428 968 5500 primus
1021 5443 1078 5485 non
1103 5437 1144 5487 eet
1170 5446 1277 5501 servus,
1302 5433 1491 5508 nequalibsra
1507 5449 1514 5499 ;
1531 5447 1588 5490 non
1608 5435 1649 5486 est
1666 5423 1817 5494 masculus,

171 5507 287 5580 lloysue
306 5505 391 5564 dicit:
424 5508 617 5582 ‹Prophetam
641 5510 721 5568 vobis
739 5514 872 5572 excitabit
895 5517 967 5574 Deus
1022 5535 1111 5594 neque
1131 5520 1254 5590 lemiua;
1283 5540 1379 5582 omnes
1404 5523 1478 5580 enim
1509 5537 1559 5577 vos
1585 5533 1671 5574 unum
1701 5514 1769 5574 estis
1791 5516 1819 5575 in

211 5631 273 5704 (66)
284 5630 387 5690 Omnes
396 5631 463 5714 edit.
481 5639 603 5714 etmoss.
612 5634 729 5718 aliquot,
742 5637 875 5694 arbitrum
888 5637 968 5695 istum
1058 5645 1116 5719 (67)
1133 5647 1211 5705 noni.
1236 5648 1316 5717 edit,
1330 5667 1406 5723 quem
1431 5645 1564 5706 arbitrum
1582 5640 1726 5716 remusati,
1742 5661 1820 5722 prta·

173 5707 368 5777 corrumperem
382 5704 429 5760 alu
439 5719 612 5775 concinnius,
628 5714 659 5764 ut
673 5723 702 5765 ru
722 5715 809 5768 textu.
1021 5715 1279 5791 dimsapotoretur.
