4052 6192
117 248 169 307 aar
292 233 298 244 '
765 241 1007 304 enscnuonss
1026 243 1122 302 nura.
1717 243 1771 304 aas

117 389 168 430 nus
180 380 261 429 tuum
277 371 359 444 (ibid.
375 371 421 441 2³,
432 361 513 444 att·
530 369 649 428 utillud
664 389 671 427 :
693 370 781 428 «Cum
792 371 871 428 statis
881 370 914 428 ad
929 384 956 446 Α
970 368 1050 442 cujus
1077 368 1251 425 mortiterum
1279 368 1357 424 virus
1372 375 1440 425 tuuc
1460 375 1602 442 utcunque
1624 378 1768 440 vacamus,

116 459 414 531 orandum,rcmittite,
424 461 447 517 si
461 459 645 534 quidbabetis
654 459 786 518 aduersus
796 463 913 518 alterum
968 475 1032 516 enm
1057 475 1113 515 non
1137 460 1265 532 qualitas,
1281 459 1329 516 sed
1351 459 1437 516 libido
1456 459 1486 514 in
1502 459 1573 515 escis
1587 468 1770 533 precaretur.

116 551 144 608 in
159 551 290 610 cordibus
300 551 400 613 vestris
415 551 558 622 (Manem,
574 551 632 625 25).
649 576 658 599 ι
680 551 757 607 Hanc
770 550 850 621 mihi,
862 553 913 608 Do
968 550 1060 608 Prima
1074 551 1149 608 enim
1165 552 1266 608 mulier
1279 567 1335 608 non
1355 551 1555 624 exquisitarum
1579 551 1692 625 dapum,
1719 553 1768 610 sed

115 642 190 698 mine
212 644 296 711 Deus,
319 641 468 699 secundam
495 643 586 699 tribue
599 642 757 712 victoriam,
774 642 798 699 si
820 642 913 699 lurore
968 639 1026 694 sola
1035 639 1109 711 pomi
1121 638 1303 696 delectatione
1313 646 1430 697 mortem
1445 641 1549 698 mundo
1561 641 1673 701 induxit
1684 643 1766 716 (Gen.

114 742 233 791 caecatus
257 733 375 790 amisero
396 734 524 808 primam,
546 751 608 792 cum
634 753 688 793 non
703 744 753 793 tuo
777 734 845 804 zelo,
866 734 913 792 sed
968 745 1011 798 nr,
1026 729 1077 803 6):
1107 738 1134 786 et
1155 729 1286 802 antiquus
1308 728 1396 786 bostis
1411 747 1500 803 regem
1516 740 1640 788 nostrum
1661 748 1717 788 non
1731 732 1766 789 de

115 841 176 880 meo
191 825 261 880 vitio
276 823 425 897 cujuslibet
440 825 564 882 animum
579 826 699 884 offendo.
968 831 1060 884 ΜΘ,
1079 818 1127 873 ὃθῐῙ
1146 818 1180 874 de
1194 834 1263 890 1³³ssss
1278 821 1395 877 lflssffllil
1409 820 1516 892 (Mane
1534 838 1573 889 lv,
1598 819 1626 892 3)
1639 837 1644 874 ³
1670 829 1697 877 θῑ
1713 821 1771 877 30*

148 915 176 969 8.
199 913 324 971 Tristitia
339 929 449 988 quoque
472 914 543 971 iram
557 917 823 991 persequitur:quae
845 912 911 969 dum
968 911 1050 968 doma
1068 911 1173 970 idcirco
1196 913 1258 986 igue
1280 921 1308 970 et
1337 913 1469 986 sulphure
1496 915 1588 986 perlit,
1610 913 1676 988 quia
1697 914 1770 970 inter

113 1004 206 1062 cordis
222 1021 320 1061 arcana
344 1011 479 1078 penetrat,
504 1004 631 1078 protinus
656 1005 684 1059 iu
702 1002 762 1075 ejus
783 1003 913 1060 eubiculo
968 1010 1067 1058 caetera
1081 1004 1154 1059 mala
1168 1019 1265 1076 panem
1277 1002 1306 1059 in
1321 1002 1464 1059 saturitate
1479 1001 1599 1059 eomedit
1611 1003 1688 1074 (Gau.
1706 1019 1768 1072 xrn,

113 1094 262 1163 malitiam,
283 1110 438 1165 rancorem,
455 1094 725 1168 pusillanimitatem,
740 1092 913 1166 desperatio-
968 1089 1027 1164 at).

112 1202 187 1254 nem,
208 1193 350 1258 torporem
369 1185 443 1243 circa
458 1193 602 1260 precepta,
619 1185 794 1259 vagationem
810 1184 913 1242 mentis
1004 1187 1047 1244 ll.
1063 1189 1235 1261 Quapropter
1246 1189 1420 1247 clementiam
1431 1196 1518 1259 tuam,
1534 1191 1617 1260 Deus,
1632 1189 1767 1262 imploro,

111 1291 176 1348 erga
191 1274 292 1332 illicita
308 1283 429 1348 generat.
446 1275 512 1344 Qum
527 1277 600 1333 inter
619 1283 717 1335 cetera
738 1276 808 1333 vitia
829 1291 911 1349 quarn
967 1283 999 1332 ut
1022 1276 1094 1333 sicut
1120 1294 1191 1350 aeger
1205 1278 1239 1334 ad
1254 1279 1430 1348 medicinam,
1445 1279 1485 1336 sic
1504 1278 1699 1336 adsumendas
1720 1279 1767 1335 da·

111 1363 148 1420 sit
170 1363 343 1434 detestanda,
364 1364 461 1422 beatus
486 1365 588 1423 Paulus
612 1366 736 1424 indicat:
766 1390 776 1414 ι
800 1365 911 1437 Saeculi,
967 1380 1014 1437 pes
1027 1366 1173 1423 accedam:
1190 1385 1362 1444 nequaquam
1379 1370 1485 1428 scilicet
1497 1371 1526 1426 in
1541 1370 1580 1428 eis
1594 1371 1765 1442 voluptatem

111 1453 252 1526 inquiens,
276 1453 401 1522 tristitia,
429 1463 545 1512 mortem
565 1465 694 1529 operatur
717 1457 760 1530 (ll
775 1457 839 1514 Cor.
860 1473 911 1525 vn,
967 1465 1106 1529 appetens,
1125 1457 1173 1514 sed
1191 1459 1347 1516 necessitati
1370 1457 1548 1517 subveniens.
1569 1460 1657 1516 Aufer
1680 1475 1697 1516 a
1726 1475 1770 1516 mc

113 1545 169 1616 lu).
193 1568 203 1593 »
226 1543 278 1601 Sed
302 1544 425 1614 obsecro,
447 1546 521 1602 Deus
540 1552 568 1602 et
590 1547 726 1604 Dominus
746 1562 833 1615 meus,
858 1561 913 1618 op·
967 1553 1078 1618 propter
1089 1563 1214 1620 magnam
1232 1547 1626 1608 misericordiamtuamomne
1640 1549 1766 1608 ciborum

111 1651 181 1709 pone
208 1644 306 1693 contra
329 1635 424 1694 saeculi
446 1637 588 1709 tristitiam
615 1639 714 1696 futurae
733 1637 913 1695 beatitudinis
967 1634 1082 1690 noxium
1105 1632 1283 1704 desiderium,
1311 1652 1514 1710 congruamque
1531 1655 1610 1695 servo
1624 1646 1674 1694 tuo
1688 1655 1768 1696 esca-

111 1725 250 1794 laetitiam‚
280 1740 341 1798 quas
369 1741 405 1781 ex
439 1742 556 1785 mmrore
585 1735 754 1785 contractam
789 1721 914 1784 melitam
927 1733 952 1794 Β
967 1739 1029 1779 rum
1053 1723 1194 1797 propitius
1219 1725 1308 1782 tribue
1327 1726 1521 1784 abstinentiam
1533 1745 1543 1793 ;
1564 1736 1597 1785 ut
1621 1727 1694 1785 inter
1721 1745 1767 1785 ne-

110 1814 207 1872 riucat
229 1815 434 1886 benevolentia,
460 1815 544 1872 tedio
569 1825 741 1889 procreatum
771 1831 914 1873 rancorem
969 1813 1117 1868 cessarium
1140 1812 1252 1870 modurn
1273 1815 1415 1888 proprium
1431 1823 1579 1889 temperem
1602 1817 1767 1890 appetitum,

111 1900 196 1972 pellat
216 1900 384 1971 sinceritate,
408 1901 665 1976 pusillanimitatem
680 1903 845 1961 fortitudine
864 1919 916 1959 ro-
969 1908 1127 1976 remotaque
1141 1917 1157 1957 a
1171 1919 1214 1958 me
1229 1904 1306 1960 omni
1323 1921 1437 1977 prorsus
1451 1905 1562 1978 crapula
1574 1914 1601 1963 et
1625 1905 1767 1976 ebrietate,

111 1989 200 2061 bonet,
226 1991 448 2065 desperationem
464 1994 522 2068 spei
547 1993 650 2052 fiducia
663 1995 760 2069 erigat,
775 2003 913 2067 torporem
968 1991 1054 2047 sciam
1075 1991 1105 2046 in
1131 1992 1236 2048 virtute
1250 1999 1298 2049 tua
1312 1993 1463 2060 abundare,
1483 1994 1567 2051 sciam
1582 2001 1609 2051 et
1623 1994 1768 2068 penuriam

110 2078 184 2137 circa
199 2089 336 2154 praecepta
350 2081 484 2141 exercitio
499 2083 616 2156 spiritali
635 2083 761 2156 repellat,
785 2082 914 2155 vagatio·
969 2079 1037 2152 pati,
1053 2079 1180 2136 noverim
1195 2097 1303 2154 quoque
1314 2081 1343 2136 in
1358 2081 1458 2156 quibus
1470 2082 1540 2139 mihi
1556 2082 1696 2140 sufficiens
1710 2099 1769 2140 esse

109 2185 172 2226 nem
203 2171 306 2229 mentis
335 2188 399 2246 erga
426 2171 527 2230 illicita
564 2173 727 2230 inconcussa
762 2171 914 2229 stabilitate
967 2170 1081 2242 possim.
1101 2171 1152 2236 lta,
1172 2171 1300 2240 Domine,
1315 2169 1366 2240 ita,
1381 2171 1462 2228 Pater
1486 2173 1568 2242 bone,
1591 2173 1684 2230 noxiis
1703 2191 1769 2246 gas-

111 2259 245 2316 relrenet.
270 2260 404 2330 Quodsi,
432 2261 467 2318 ad
493 2269 666 2318 momentum
692 2260 832 2318 subtracta
860 2262 913 2318 lae-
968 2259 1116 2332 trimargiae
1134 2261 1224 2318 succis
1247 2260 1375 2318 arefactis
1400 2261 1492 2334 inepta
1513 2262 1611 2320 laetitia
1628 2264 1673 2320 vel
1693 2279 1769 2322 scur-

109 2349 183 2418 titia,
201 2349 336 2422 spiritali,
355 2350 460 2408 malum
475 2350 595 2408 tristitiae
610 2351 797 2425 prevaluerit,
822 2367 911 2424 agam,
968 2350 1060 2408 rilitas
1069 2367 1125 2408 non
1141 2351 1300 2424 pullulabit,
1310 2368 1371 2426 quus
1379 2352 1442 2409 illos
1452 2353 1572 2412 maxime
1582 2353 1615 2410 ad
1631 2353 1766 2412 insaniam

108 2453 215 2510 quatem
242 2440 317 2512 quod
343 2447 437 2498 monet
464 2439 560 2499 beatus
583 2441 719 2498 lacobus:
752 2441 913 2502 «Tristatur
967 2442 1105 2516 perducit,
1126 2444 1156 2499 in
1180 2443 1282 2518 quibus
1295 2444 1407 2518 crapula
1423 2451 1451 2500 et
1468 2444 1585 2501 ebrietas
1611 2445 1766 2502 dominium

107 2525 173 2601 quis
190 2527 222 2584 in
235 2528 336 2588 vobis?
362 2532 428 2589 Oret
442 2546 520 2605 aequo
539 2530 645 2601 animo,
672 2537 700 2586 et
715 2529 814 2603 psallat
841 2529 911 2602 (lue.
967 2531 1070 2589 sumit:
1096 2533 1200 2606 «Sedit
1218 2532 1292 2590 enim
1307 2534 1425 2606 populus
1440 2533 1606 2590 manducare
1620 2541 1647 2591 et
1659 2533 1764 2602 bibere,

107 2617 211 2690 aaa).
233 2643 244 2666 ·
966 2629 994 2677 et
1016 2631 1197 2680 surrexerunt
1223 2623 1317 2679 ludere
1336 2623 1438 2694 (and.
1466 2620 1641 2692 xxx11,6).·
1663 2620 1766 2678 Contra

147 2710 175 2774 9.
185 2712 315 2772 Avaritia
328 2714 453 2788 seqnitur
461 2713 684 2788 tristitiamque
696 2711 725 2769 in
736 2721 854 2786 utroque
863 2711 912 2767 l'e·
966 2727 1035 2794 quos
1048 2712 1097 2768 illa
1113 2711 1250 2768 sententia
1274 2711 1362 2778 venit,
1383 2725 1437 2782 qua
1450 2707 1553 2766 dicitur
1569 2725 1575 2762 :
1599 2709 1671 2765 «Vas
1685 2708 1766 2764 vobis

106 2812 251 2864 stamento
264 2803 323 2877 pari
337 2811 450 2861 notatur
463 2803 662 2861 exsecratione.
679 2805 711 2860 ln
730 2803 817 2860 veteri
835 2816 911 2857 nam·
966 2799 1114 2869 divitibus,
1130 2799 1178 2872 qui
1198 2797 1305 2856 bebetis
1329 2799 1545 2856 consolationem
1573 2805 1693 2854 vestram
1708 2799 1714 2854 l
1729 2799 1766 2854 Et

103 2913 162 2972 que
189 2894 311 2951 dicitur:
336 2920 345 2942 ι
364 2891 456 2950 Avaro
482 2893 555 2950 nibil
578 2903 619 2951 est
645 2893 789 2951 scelestius
813 2889 909 2964 (Eecli.
965 2907 1006 2946 vas
1022 2889 1117 2958 vobis,
1134 2889 1180 2962 qui
1198 2887 1294 2945 ridetis
1312 2903 1402 2955 nunc;
1421 2887 1485 2961 quia
1499 2886 1643 2959 plorabitis
1664 2895 1691 2944 et
1710 2887 1766 2944 lle-

104 3004 134 3056 ι,
152 2987 182 3058 9)
197 3003 205 3052 ;
223 3009 232 3034 ι
260 2984 376 3041 innovo
399 2993 506 3042 autem:
529 3009 539 3034 ι
562 2993 589 3042 et
611 2985 845 3056 avaritiamque
870 2989 912 3038 est
964 2976 1031 3034 bitis
1042 2978 1119 3049 (Luc.
1130 2993 1170 3046 vr,
1184 2975 1230 3046 st,
1246 2977 1335 3050 tait·
1357 2975 1437 3044 Quod
1444 2983 1540 3033 contra
1554 2975 1638 3049 iiqni
1652 2993 1764 3034 carnem

106 3075 251 3132 idolorum
266 3074 385 3131 servitus
400 3073 512 3146 (prea.
529 3091 557 3144 v,
573 3074 614 3147 5).
628 3099 638 3123 »
661 3075 771 3146 Exque
787 3071 910 3144 profecto
927 3099 949 3160 C
965 3084 1049 3124 suam
1071 3067 1272 3126 crucifixerunt
1295 3084 1359 3125 cum
1382 3067 1461 3126 vitiis
1482 3075 1510 3123 et
1535 3067 1766 3141 concupiscentiis

106 3177 214 3241 septem
224 3165 356 3239 nequitiae
366 3167 673 3240 procreanturscilicet,
683 3165 814 3238 proditio,
824 3164 910 3232 fraus,
965 3157 1024 3230 ejus
1051 3158 1157 3230 (Galat.
1185 3174 1214 3224 v,
1235 3156 1281 3228 24)
1301 3157 1436 3213 audiunt:
1463 3157 1611 3214 «blundus
1625 3155 1765 3230 gaudebit,

106 3257 232 3326 fallacia,
247 3255 413 3328 perjurium,
429 3255 602 3330 inquietudo,
618 3254 763 3324 violentia,
779 3260 805 3309 et
815 3258 912 3310 contra
966 3263 1090 3304 vosuero
1104 3245 1327 3304 contritabimini
1338 3264 1344 3314 ;
1354 3246 1402 3304 sed
1416 3245 1530 3304 tristitia
1541 3254 1632 3303 vestra
1642 3253 1766 3304 vertetur

107 3344 333 3403 misericordiam
356 3343 512 3418 obduratio.
537 3345 573 3401 Et
591 3360 664 3412 ecce,
686 3342 805 3399 Domine
827 3344 910 3410 Deus,
966 3338 995 3394 in
1009 3338 1141 3410 gaudium
1156 3345 1185 3394 et
1197 3336 1327 3410 gaudium
1342 3345 1463 3394 vestrum
1479 3337 1649 3393 nemotollet
1661 3336 1766 3394 avobis

106 3438 228 3512 quilibet
247 3445 355 3494 arnator
367 3435 475 3503 muudi,
492 3446 520 3493 et
534 3451 590 3492 non
606 3435 657 3504 tui,
674 3440 787 3507 propter
800 3431 911 3489 metalla
967 3429 1058 3502 (loen.
1073 3427 1179 3496 xv1,20‚
1193 3426 1269 3498 bila
1281 3427 1317 3483 m
1330 3441 1451 3482 rursum:
1469 3423 1644 3498 «Beatiquid
1659 3426 1765 3497 lugent,

107 3531 240 3602 pretiosa,
261 3527 388 3584 ardentes
408 3526 599 3600 fulgentesque
627 3523 741 3597 lapides,
770 3537 864 3579 servos
884 3529 912 3577 et
966 3518 1096 3592 quoniam
1111 3517 1163 3592 ipsi
1178 3516 1395 3576 consolabuntur
1406 3518 1512 3590 (matu.
1523 3533 1554 3584 v,
1568 3517 1628 3590 5).»
1644 3517 1765 3574 Immun-

106 3635 204 3676 servas
222 3619 325 3692 pradia
338 3627 366 3675 et
374 3616 477 3675 fundos
495 3616 530 3674 ad
545 3625 660 3673 mortem
676 3615 835 3690 proximum
851 3621 911 3670 tra·
965 3608 1034 3666 ditia
1048 3625 1156 3682 quoque
1171 3625 1233 3684 quae
1239 3607 1321 3681 juxta
1334 3609 1499 3682 Apostolum
1510 3609 1675 3683 quibusdam
1689 3605 1767 3680 regni

106 3711 160 3779 dit,
177 3707 305 3765 fraudem
322 3707 451 3777 incurrit,
467 3705 604 3764 fallaciam
619 3705 742 3774 obducit,
759 3701 912 3777 perjurium
966 3697 1085 3757 celestis
1099 3697 1334 3767 aditnmclaudit,
1350 3699 1511 3772 vigilantem
1531 3714 1685 3772 nunqnam,
1704 3697 1767 3756 dor·

106 3797 279 3857 committit:
303 3805 331 3855 et
349 3798 422 3854 alins
441 3797 582 3871 inquietus
601 3805 628 3854 et
638 3797 778 3853 violentus
789 3801 830 3851 est
844 3808 913 3865 pro-
969 3789 1099 3846 mientem
1117 3805 1184 3846 vero
1197 3787 1304 3847 tardius
1318 3804 1368 3845 sua
1381 3788 1539 3846 colluvione
1554 3787 1678 3845 lmdavit.
1690 3786 1768 3844 blul-

107 3898 172 3964 pter
185 3887 295 3958 villam,
309 3887 381 3944 alius
392 3895 504 3961 propter
512 3886 663 3960 gallinam:
679 3884 751 3941 alins
760 3882 914 3940 obduratur
970 3877 1118 3952 tiloquium
1136 3878 1228 3934 inedia
1243 3893 1364 3950 pressum
1379 3877 1491 3934 silebit:
1515 3875 1653 3934 hebetudo
1671 3891 1768 3932 sensus

107 3985 209 4034 contra
221 3975 442 4034 misericordiam
458 3991 493 4032 ne
507 3975 643 4034 retribuat
663 3988 773 4041 aurum,
788 3971 859 4027 alius
878 3984 914 4026 ne
967 3967 1040 4024 eirca
1063 3967 1274 4040 intelligentiam
1299 3965 1453 4040 spiritualis
1489 3965 1626 4023 acuminis
1656 3963 1767 4036 ingenio

109 4065 235 4138 porrigat
256 4075 362 4138 potum.
383 4063 437 4122 Sed
451 4071 525 4138 peto,
542 4064 580 4120 mi
594 4065 677 4132 Deus,
696 4068 802 4119 amator
820 4066 914 4116 castus
967 4057 1074 4125 cedet3.
1087 4057 1161 4129 quod
1184 4066 1277 4114 saneta
1301 4057 1470 4130 percimonia
1485 4055 1515 4112 in
1531 4061 1623 4110 mente
1637 4067 1767 4126 propaga·

107 4163 137 4211 et
161 4169 254 4223 verus,
278 4163 309 4212 ut
325 4155 370 4212 cui
389 4160 530 4227 praeterte
544 4151 622 4209 nulla
645 4150 779 4224 possessio
798 4148 914 4206 debetur
967 4145 1022 4213 bit;
1047 4153 1144 4202 venter
1167 4147 1241 4202 enim
1256 4145 1424 4204 abstinentia
1445 4149 1603 4202 contractus
1630 4140 1767 4197 humanos

111 4245 143 4301 in
174 4253 263 4312 terra,
278 4243 350 4300 nibil
366 4243 441 4318 quod
467 4250 499 4299 tu
526 4255 641 4311 nones,
666 4239 858 4312 concupiscam
883 4237 913 4294 in
967 4233 996 4290 in
1011 4235 1098 4292 altum
1110 4236 1200 4292 elevat
1213 4251 1319 4292 sensus.

107 4343 205 4403 terra3
235 4351 343 4409 semper
371 4335 448 4392 illius
469 4321 614 4390 sententie
646 4332 830 4399 meminerim,
860 4345 915 4403 qua
1004 4334 1048 4390 lt,
1070 4333 1193 4390 Luxuria
1217 4331 1433 4406 gastrimargiam
1459 4329 1593 4405 sequitur,
1619 4348 1679 4406 quas
1699 4333 1767 4390 dnm

107 4425 238 4483 dicitur:
275 4423 396 4482 «Nudus
423 4440 546 4498 egressus
569 4439 629 4480 sum
654 4422 688 4478 de
717 4426 795 4477 utero
818 4419 914 4502 matris
968 4422 1087 4480 licentia
1098 4431 1184 4479 metas
1193 4422 1312 4490 excedit,
1325 4439 1391 4478 mox
1403 4422 1475 4479 dese
1489 4421 1639 4480 caecitatem
1654 4423 1766 4494 mentis,

107 4529 191 4582 meae,
214 4512 307 4570 nudus
334 4521 458 4572 revertar
474 4514 542 4570 illue
561 4513 619 4586 (Iob
635 4530 655 4581 r,
670 4511 727 4583 tl).
743 4537 752 4558 ·
774 4513 865 4583 Atque
877 4510 917 4567 il·
971 4511 1259 4580 inconsiderationem,
1271 4511 1494 4580 inconstantiam,
1509 4510 1767 4584 praecipitationem,

107 4603 185 4660 lius:
210 4603 310 4660 «Nihil
325 4603 473 4660 intulimus
488 4603 516 4660 in
530 4603 604 4660 bunc
625 4600 769 4669 mundum,
795 4600 842 4657 sed
865 4615 917 4659 nec
970 4622 1090 4664 amorem
1107 4607 1161 4676 sui,
1177 4607 1271 4664 odium
1286 4605 1346 4674 Dei,
1362 4605 1490 4662 allectum
1506 4604 1648 4677 praesentis
1661 4605 1768 4675 saeculi,

107 4693 221 4749 ³¹1th
236 4692 302 4766 quid
319 4709 464 4766 possumus
483 4693 513 4767 (Ι
535 4693 601 4750 Tim·
627 4708 667 4760 Vb
690 4691 756 4763 7l··
786 4689 851 4758 Qcae
875 4689 916 4746 ni·
970 4699 1111 4754 horrorem
1130 4706 1223 4754 autem
1247 4699 1292 4753 vel
1314 4693 1533 4769 desperationem
1559 4694 1763 4768 gignitfnturl.

107 4781 216 4838 mirum
233 4781 299 4839 dum
318 4783 363 4856 pie
376 4783 598 4847 considerantur,
613 4780 711 4838 mundi
726 4788 916 4854 corrtemptum
970 4786 1023 4844 Sed
1038 4795 1110 4860 peto,
1125 4788 1253 4855 Domine,
1264 4793 1296 4844 ut
1310 4786 1357 4859 qui
1368 4785 1471 4856 abipso
1485 4783 1769 4857 pubertatistempore

107 4873 210 4930 afferre
225 4873 366 4944 videntur,
384 4875 432 4948 qui
446 4875 573 4933 avaritiae
588 4871 743 4932 contrarius
757 4880 807 4930 est.
970 4892 986 4932 a
1008 4877 1156 4950 complexu
1171 4874 1291 4932 carnalis
1310 4875 1415 4946 copulae
1437 4873 1558 4930 alienum
1586 4889 1702 4930 maesse
1721 4888 1768 4930 vo·

152 4975 229 5033 495
244 4975 287 5034 10,
303 4977 369 5034 Post
384 4977 443 5036 haess
458 4987 542 5035 restat
554 4975 659 5033 ventris
683 4976 830 5050 ingluvies,
856 4992 917 5049 quae
971 4967 1058 5036 luisti,
1084 4966 1276 5026 delectationis
1299 4965 1359 5039 ejus
1380 4980 1516 5022 consensu
1533 4963 1575 5037 (4)
1591 4979 1647 5022 non
1661 4973 1767 5036 tangar,

106 5067 310 5126 anecessitate
324 5067 434 5142 quidem
459 5067 568 5140 incipit,
592 5067 639 5125 sed
654 5067 753 5125 modus
770 5066 916 5123 necessita·
971 5057 1043 5125 Quid
1066 5057 1140 5114 essim
1162 5055 1282 5130 PtOdeSb
1309 5054 1426 5112 D⁰ffli¹¹⁰
1451 5056 1535 5123 Deus,
1559 5053 1695 5125 liftissflffl
1711 5065 1792 5136 ⁶⁸⁸⁰,

108 5157 149 5213 tis
164 5155 312 5226 excedens,
329 5155 364 5213 ad
378 5156 550 5229 voluptatem
570 5156 738 5229 pertransit;
764 5153 887 5227 dumque
901 5171 918 5212 a
970 5163 1093 5221 corpore,
1114 5147 1138 5204 Si
1156 5145 1298 5218 conlingat
1314 5151 1405 5202 menie
1419 5159 1477 5202 0⁸⁸⁰
1491 5142 1678 5215 corruptum?
1693 5138 1768 5207 ‘Qui

109 5244 201 5303 licitis
215 5243 251 5301 ad
267 5245 365 5303 illicita
378 5245 547 5319 pervenerit,
563 5261 628 5302 mox
643 5247 764 5319 ineptam
779 5243 915 5313 laetitiam,
970 5239 1045 5297 enim
1072 5237 1174 5296 viderit
1203 5237 1347 5294 mulierem
1365 5234 1399 5293 ad
1425 5233 1675 5308 concupiscendum
1695 5243 1766 5299 eam,

108 5333 325 5404 scurrilitatem,
341 5334 560 5405 immunditiam,
576 5333 797 5409 multiloquium,
810 5349 917 5391 sensus·
968 5327 1025 5402 jam
1040 5327 1193 5387 moecbatus
1206 5335 1247 5385 est
1261 5343 1321 5385 earn
1332 5325 1362 5384 in
1377 5327 1520 5385 cordesuo
1530 5322 1636 5396 (Mettis.
1648 5337 1679 5388 v,
1690 5319 1761 5392 28).·

110 5440 170 5498 que
195 5422 393 5483 hebetudinem
424 5426 499 5484 eirca
529 5425 741 5500 intelligentiam
778 5423 914 5500 parturit:
971 5415 1043 5475 Huie
1068 5415 1190 5491 proiecto
1214 5416 1332 5477 necdum
1356 5417 1510 5477 willelm
1535 5412 1668 5496 limfis&
1685 5409 1768 5482 1³¹2&

149 5605 195 5683 (b)
210 5607 314 5669 Omnes
325 5608 405 5683 edit,
434 5606 782 5684 strationiceorum.
