4038 6168
259 335 328 395 1007
763 329 810 386 ΑΙ)
829 325 947 384 OPERA
965 325 993 383 S.
1015 323 1181 382 nunnosll
1200 321 1390 379 aprunum.
1836 315 1906 372 1008

293 459 385 533 (Vers.
402 456 460 529 20.)
481 455 597 512 Exsulta
622 469 701 525 super
723 468 790 521 cnm,
805 453 907 520 cultim,
924 456 948 506 ct
969 449 1053 506 uncti
1066 449 1093 510 A
1108 446 1137 502 in
1154 455 1316 520 perpetuum
1347 444 1483 518 segregari
1510 442 1626 499 nollent.
1643 441 1723 497 Tales
1741 456 1807 512 ergo
1834 443 1907 502 568

256 547 371 620 020000
386 551 411 600 ⁶²
424 543 580 616 PWWWJ
602 542 667 613 quie
685 540 819 610 induent
838 540 908 596 Dm
922 537 1055 608 iuditium
1107 545 1227 603 artifices
1245 545 1275 600 in
1288 543 1429 617 Babylone
1443 557 1500 598 non
1516 539 1664 596 audientur
1678 537 1818 610 amplius;
1841 535 1908 609 qnia

256 643 371 692 ossuum
385 633 416 690 de
430 634 489 690 ille.
506 632 653 688 Possumus
675 646 724 704 per
745 631 847 688 eoelum
870 629 989 702 angelos,
1007 643 1056 699 per
1108 651 1171 693 eum
1187 651 1217 691 ea
1231 634 1260 690 in
1274 641 1438 707 perpetuum
1453 629 1668 688 damnabuntur.
1694 627 1764 697 Quia
1772 633 1909 682 mmmm-

257 725 395 798 apostolos
418 723 485 780 novi
511 719 679 778 Testamenti
707 725 807 793 patres,
837 735 886 792 per
908 716 1055 791 propbetas
1109 743 1151 782 res
1164 723 1203 780 tui
1213 731 1290 780 erant
1301 723 1437 796 principes
1452 729 1540 779 terre.
1556 721 1645 778 Habet
1659 719 1785 786 Ecclesia
1798 733 1910 775 merca-

260 821 352 870 autem
367 822 458 886 patres
473 810 574 868 veteris
589 809 757 867 Testamenil
773 807 935 880 intelligere.
948 805 1057 862 Exsul·-
1110 821 1182 870 tores
1191 829 1265 882 suos,
1286 811 1408 870 habetet
1428 811 1575 884 Babylon:
1598 817 1765 866 mercatores
1779 806 1910 864 Ecclesia

257 905 357 963 tabunt
378 904 473 978 igitur,
492 919 555 962 cum
579 901 720 960 destructa
741 899 825 958 luerit
843 898 934 956 omnis
948 905 1057 956 caterva
1110 903 1253 960 thesauros
1266 917 1330 958 suos
1352 901 1382 957 in
1403 901 1473 958 eoelo
1499 900 1662 970 emendum,
1678 897 1727 954 ubi
1753 898 1829 954 fures
1854 913 1911 953 nnn

257 995 407 1068 impiorum
422 1011 486 1052 curn
506 993 574 1066 ipsis
588 990 760 1050 demonibus
774 991 933 1049 securibus
947 987 1057 1062 iniqui-
1110 993 1245 1049 effodiunt
1266 999 1293 1048 et
1316 991 1443 1048 furantur
1468 991 1575 1062 (dietih.
1598 1007 1638 1059 vr,
1654 987 1721 1060 20);
1742 995 1912 1044 mercatores

256 1086 549 1148 tetuml'ixsultahunt
562 1085 656 1156 etiam,
672 1102 704 1143 eo
717 1084 791 1159 quod
806 1094 873 1142 tune
884 1083 968 1139 sanem
982 1098 1057 1140 aeco-
1110 1102 1176 1143 uero
1195 1083 1347 1158 Babylonis
1361 1083 1504 1141 thesauros
1518 1098 1582 1140 suos
1605 1081 1633 1138 in
1648 1091 1721 1139 terra
1744 1081 1911 1150 recondunt,

257 1185 339 1253 ptura
352 1177 388 1235 sit
402 1177 493 1235 omnis
513 1175 620 1234 malitia
642 1182 669 1232 et
682 1175 834 1233 adducetur
849 1173 960 1247 justitia
979 1187 1057 1229 sem-
1109 1175 1160 1232 ubi
1174 1173 1249 1230 iures
1263 1172 1408 1242 effodiunt,
1420 1189 1471 1230 nec
1482 1173 1618 1229 iurantur.
1630 1173 1668 1228 m
1680 1170 1709 1226 in
1718 1169 1914 1242 secuturae

258 1268 367 1342 pltema
380 1265 450 1339 (02).
1111 1269 1270 1320 erraverunt
1283 1279 1379 1320 omnes
1394 1271 1498 1337 gentes.
1515 1260 1657 1320 Venetieia
1674 1258 1830 1333 Babylonis
1845 1265 1912 1316 sunt

296 1365 387 1440 (Veis.
403 1364 462 1437 21.)
489 1364 527 1420 m
544 1361 653 1420 sustulit
671 1378 738 1418 unus
762 1361 870 1434 augelus
892 1359 972 1432 sortis
990 1359 1057 1431 icpi·
1111 1353 1214 1411 diversi
1234 1369 1340 1412 errores
1366 1369 1414 1426 per
1442 1371 1511 1429 quos
1540 1370 1626 1428 genus
1651 1351 1806 1409 humanum
1825 1349 1914 1410 deee-

259 1456 317 1513 dem
330 1454 408 1527 quusi
424 1453 550 1510 molarem
573 1469 708 1524 megum,
733 1456 757 1507 et
775 1451 848 1507 misit
869 1450 898 1506 in
911 1467 994 1519 mere,
1011 1449 1058 1506 di·
1112 1453 1190 1520 ptum
1207 1454 1258 1503 est.

259 1563 317 1604 cens
333 1560 342 1601 :
363 1545 418 1602 Hoc
433 1544 532 1617 impetu
545 1541 664 1599 mittetur
677 1541 798 1611 scapton
816 1556 924 1610 magne,
947 1545 972 1594 et
984 1541 1059 1595 ultre
1150 1536 1241 1608 (Veis.
1256 1535 1315 1609 20.)
1330 1537 1368 1592 Et
1382 1535 1410 1590 in
1430 1551 1461 1590 ee
1475 1533 1584 1606 sanguis
1600 1532 1793 1608 prophetorum
1804 1537 1831 1588 et
1844 1549 1915 1587 scn-

150 1676 154 1682 -
259 1652 313 1694 non
339 1634 498 1691 invenietur.
529 1632 582 1689 Iste
605 1631 718 1704 angelus
746 1627 887 1686 Christum
911 1627 1057 1700 significat,
1113 1627 1347 1684 cterumincentus
1366 1632 1413 1696 est,
1429 1633 1453 1682 et
1467 1625 1585 1682 omnium
1602 1625 1649 1697 qui
1665 1623 1915 1696 intersectisuntin

260 1723 309 1800 qui
327 1723 407 1781 fortis
432 1737 490 1780 esse
505 1719 629 1788 dieitur;
655 1717 721 1793 quia
742 1717 933 1774 fortitudinem
955 1715 1060 1788 Christi
1115 1724 1196 1774 uere.
1211 1715 1327 1790 Sanguis
1340 1723 1499 1773 sanctorum
1514 1715 1544 1772 in
1559 1731 1591 1771 ea
1604 1714 1735 1771 inventus
1748 1721 1801 1780 est,
1817 1711 1847 1769 id
1862 1720 1914 1783 est,

260 1819 363 1887 quamn
391 1809 438 1880 sit,
471 1809 592 1866 humana
625 1824 702 1864 mens
731 1805 963 1880 comprehendere
1003 1822 1060 1863 non
1075 1815 1098 1877 Β
1113 1807 1202 1865 scelus
1217 1805 1598 1874 interfectionissanctorum,
1614 1803 1831 1862 sicutDominus
1845 1801 1915 1860 dieit

260 1907 350 1974 potest
363 1916 370 1964 ;
384 1914 433 1972 per
447 1897 566 1971 lapidem
580 1912 647 1954 vero
662 1897 795 1954 molarem
819 1911 949 1970 magnum
968 1895 1059 1951 omnis
1112 1896 1207 1971 impiis
1218 1896 1321 1954 ludaeis
1335 1896 1386 1954 suh
1407 1896 1552 1954 intellectu
1566 1895 1692 1953 omnium
1708 1893 1892 1967 reproborum
1906 1912 1913 1950 :

260 1985 412 2046 multitudo
434 1987 583 2061 impiorum
606 1985 788 2060 designator:
806 2001 882 2042 mare
904 1991 995 2043 autem
1017 1984 1059 2041 in·
1120 1987 1250 2057 «Veniet,
1271 1987 1373 2062 inquit,
1396 2001 1478 2061 super
1500 2003 1550 2044 vos
1569 1985 1660 2043 omnis
1685 1985 1797 2059 sanguis
1823 1984 1916 2058 justus

261 2075 370 2134 sernum
385 2076 519 2151 designat,
536 2076 565 2132 in
580 2091 635 2150 quo
649 2091 745 2132 omnes
760 2074 839 2149 impii
854 2074 1056 2148 demergentur.
1113 2075 1161 2150 qui
1175 2077 1279 2134 eiinsus
1295 2085 1336 2134 est
1351 2085 1548 2151 superterram
1563 2075 1671 2151 (Metti.
1687 2092 1770 2145 mu,
1786 2074 1848 2148 35).
1864 2097 1879 2127 a

259 2164 383 2240 Angelus
408 2166 495 2240 igitur
514 2164 634 2239 lapidem
655 2164 788 2222 molarem
813 2165 843 2221 in
865 2181 940 2221 mare
962 2164 1056 2233 misit;
1148 2165 1262 2224 CAPUT
1276 2167 1355 2224 XlX.
1367 2199 1403 2210 -
1418 2167 1508 2240 (Vere.
1524 2166 1600 2240 1-8.)
1615 2168 1652 2223 Et
1665 2165 1758 2222 oudini
1771 2166 1853 2237 pueri
1865 2184 1917 2222 oe-

261 2259 327 2333 quia
339 2257 476 2316 Dominus
490 2266 582 2316 noster
595 2259 672 2316 lesus
691 2256 818 2315 Christus
840 2256 871 2314 in
894 2256 939 2314 die
958 2254 1059 2330 judieii
1112 2273 1166 2314 cem
1179 2258 1440 2330 magnamtubarum
1454 2259 1601 2315 multorum
1624 2256 1654 2312 in
1671 2257 1733 2312 cele
1746 2255 1914 2314 dicentium:

261 2365 372 2407 omnem
396 2347 547 2421 impiorum
570 2344 777 2404 multitudinem
792 2362 842 2404 suo
860 2344 936 2419 justo
952 2343 1059 2418 judicio
1112 2345 1242 2416 Alleluia,
1257 2348 1341 2416 scius,
1357 2353 1379 2402 et
1404 2345 1501 2419 pieria,
1522 2351 1546 2402 et
1566 2345 1653 2401 virtus
1676 2345 1731 2401 Dec
1756 2351 1851 2401 nestro
1867 2353 1915 2415 est,

261 2437 291 2496 in
309 2436 451 2495 infernum
465 2437 614 2510 demerget·
1113 2445 1178 2516 quie
1190 2459 1254 2500 uere
1267 2450 1291 2499 et
1300 2441 1376 2513 juste
1391 2442 1498 2514 judicie
1517 2441 1575 2513 cius
1596 2448 1677 2510 suut;
1705 2441 1771 2513 quie
1780 2439 1917 2511 judicarit

297 2533 389 2610 (Vers.
404 2533 450 2606 22,
472 2534 530 2608 23.)
552 2536 591 2592 m
605 2551 658 2590 con
672 2533 887 2600 citharedorum,
905 2539 928 2590 et
942 2531 1059 2588 musico-
1113 2534 1144 2588 de
1157 2531 1292 2588 meretrice
1308 2548 1415 2604 nemu,
1430 2548 1488 2603 que
1502 2531 1623 2605 eorrupit
1646 2537 1746 2586 mern
1768 2530 1797 2586 in
1816 2533 1917 2602 presti-

259 2641 331 2692 rum,
346 2629 371 2682 et
385 2623 449 2682 tibio
466 2625 615 2681 canentium
631 2629 655 2679 et
678 2623 750 2692 tube,
769 2639 823 2678 non
842 2621 967 2678 audietur
989 2621 1019 2678 iu
1037 2627 1060 2680 tc
1114 2623 1213 2680 tutione
1231 2639 1291 2692 sue,
1307 2628 1332 2678 et
1345 2623 1491 2679 vindicavit
1510 2621 1663 2695 sanguinem
1676 2625 1833 2678 sancierunt
1850 2639 1919 2677 suo-

259 2715 385 2789 emplius.
402 2715 462 2774 Hoc
476 2714 604 2788 superins
627 2721 873 2770 commemoratum
888 2718 938 2768 est.
954 2713 993 2768 Iit
1005 2729 1059 2768 em·
1113 2731 1175 2772 rum
1188 2714 1220 2771 de
1233 2730 1316 2770 menu
1328 2712 1395 2785 ejus.
1404 2715 1452 2792 ¹Et
1467 2713 1561 2770 iterum
1575 2712 1701 2770 discerent
1713 2729 1719 2766 :
1733 2711 1883 2779 Alleluie;
1899 2719 1921 2769 et

258 2805 302 2862 nis
315 2803 428 2876 artifex,
442 2805 557 2862 etomnis
571 2820 678 2860 crsucn
691 2801 838 2859 inuenietur
847 2800 881 2879 ¹in
894 2807 917 2858 te
931 2801 1058 2874 emplius,
1113 2805 1204 2879 sumus
1219 2803 1276 2876 dns
1290 2804 1408 2862 esemdit
1421 2805 1450 2860 in
1470 2805 1568 2861 secute
1585 2805 1753 2861 soeculemsm.
1769 2803 1809 2860 m
1822 2804 1921 2877 uiginti

258 2903 284 2952 et
308 2913 361 2953 coe
385 2897 460 2952 mole
484 2913 538 2952 nou
564 2895 691 2952 audietur
717 2895 746 2952 in
766 2901 789 2950 tc
811 2893 938 2966 emplius,
960 2901 984 2950 et
1011 2895 1059 2951 luc
1113 2903 1228 2968 quotuor
1241 2896 1356 2954 seniores
1370 2895 1558 2952 cecideruntin
1571 2895 1652 2966 secus
1666 2912 1739 2964 ntes,
1761 2902 1920 2968 etpsutrser

261 2987 372 3043 lucerne
385 3001 439 3041 nen
455 2984 547 3042 lucebit
568 2984 597 3040 in
618 2989 641 3040 te
662 2983 789 3057 emplius,
805 2988 829 3038 et
850 3000 903 3038 voe
924 2983 1014 3055 sponsi
1035 2989 1061 3040 et
1112 2987 1254 3058 animalia,
1287 2993 1312 3043 ct
1343 2985 1523 3044 adorauerunt
1559 2987 1646 3044 Deum
1671 2987 1799 3044 sedentem
1837 3004 1920 3059 super

259 3089 361 3148 sponse
376 3091 429 3130 uon
442 3074 567 3130 audetur
589 3072 618 3130 iu
632 3080 655 3130 te
668 3073 764 3131 adhuc.
780 3071 964 3142 Quaerendum
978 3071 1059 3130 nobis
1114 3079 1247 3143 thronum,
1273 3075 1383 3134 dianus
1399 3094 1407 3132 :
1429 3076 1524 3149 Amen,
1552 3077 1673 3134 alleluia.
1696 3078 1803 3134 lituos
1818 3095 1919 3148 meysa

259 3172 300 3222 est
314 3179 364 3222 eur
386 3171 468 3234 artes,
492 3171 520 3222 et
534 3181 629 3223 vocem
655 3164 746 3234 molae,
761 3171 789 3221 et
804 3165 898 3220 lumen
926 3164 1178 3250 incommodent
1200 3165 1231 3222 de
1255 3165 1359 3234 throne,
1375 3164 1487 3222 dicens:
1517 3165 1634 3223 Laudem
1648 3165 1725 3222 dicite
1738 3167 1796 3223 Dee
1811 3175 1917 3237 noenu,

259 3262 287 3312 et
301 3271 397 3312 vocem
416 3254 511 3329 sponsi
535 3262 562 3312 et
575 3271 680 3329 sponsas
705 3254 778 3312 iuter
791 3256 895 3314 seelera
908 3253 1059 3328 Babylonis
1113 3273 1200 3314 omnes
1223 3255 1308 3312 cuncti
1334 3255 1402 3326 ejus,
1428 3255 1524 3329 etqui
1554 3256 1649 3314 timetis
1676 3273 1745 3327 eum,
1772 3259 1919 3330 pusitliet

259 3351 418 3418 computet;
447 3361 510 3404 cum
539 3345 592 3404 ista
619 3345 713 3404 omnia
742 3346 802 3404 sine
829 3345 911 3418 eulpa
937 3343 1058 3402 exerceri
1112 3345 1211 3417 magni.
1243 3347 1281 3403 Et
1307 3345 1400 3402 audiui
1422 3346 1501 3418 quen
1527 3362 1614 3402 vocem
1648 3345 1717 3402 tube
1750 3364 1871 3420 magne,
1895 3353 1918 3404 ct

259 3436 376 3510 possint,
401 3443 428 3494 et
450 3436 510 3494 sine
533 3435 594 3495 istis
608 3438 668 3494 uita
687 3436 811 3492 humana
831 3435 980 3493 subsistere
1001 3451 1058 3492 non
1112 3433 1190 3506 quasi
1211 3449 1298 3488 veum
1320 3449 1454 3504 equorum
1484 3433 1642 3500 multorum,
1675 3439 1701 3488 et
1720 3437 1802 3505 quusi
1832 3453 1917 3492 ocum

258 3525 355 3598 possit.
381 3525 549 3597 Spiritaliter
572 3527 666 3600 itaque
690 3526 743 3584 ista
766 3526 860 3582 omnia
880 3525 1059 3600 intelligenda
1113 3522 1292 3578 tonitruorum
1315 3537 1483 3594 magnorum,
1507 3520 1670 3578 dicentium:
1690 3521 1829 3594 Alleluia,
1849 3543 1917 3598 quc-

259 3620 334 3670 sunt.
357 3613 508 3669 Possumus
527 3630 591 3686 ergo
616 3629 664 3686 per
690 3621 763 3671 artes
786 3615 948 3688 sapientiam
974 3615 1058 3689 hujus
1113 3611 1186 3666 emm
1212 3610 1333 3684 regnauit
1359 3609 1489 3666 Dominus
1515 3610 1587 3667 Deus
1611 3615 1700 3668 noster
1724 3612 1915 3684 omnipotens:

260 3699 366 3768 seculi,
382 3715 443 3774 que
458 3699 578 3758 stultitia
591 3709 632 3759 est
646 3701 720 3775 apud
731 3703 817 3759 Deum
826 3703 859 3774 (1
873 3703 937 3760 Cer.
945 3721 988 3774 ιιι,
1000 3704 1057 3777 ta),
1111 3705 1283 3778 peudmmus,
1311 3711 1335 3762 et
1362 3707 1532 3776 resultemus,
1558 3711 1583 3762 et
1608 3705 1698 3762 demus
1723 3706 1849 3778 pieriam
1871 3707 1918 3770 ci‚·

260 3787 424 3861 intelligere,
440 3803 507 3863 quas
521 3789 640 3849 artifices
660 3791 775 3864 maligni
791 3798 818 3848 et
841 3790 893 3848 filii
908 3791 1058 3866 Babylonis
1112 3799 1177 3872 quie
1191 3805 1317 3856 emerunt
1333 3799 1433 3872 nuptie
1446 3799 1527 3872 Auni,
1550 3805 1574 3854 et
1587 3815 1659 3855 neor
1672 3797 1729 3868 eus
1746 3799 1919 3874 preeperecit

260 3877 296 3935 ad
323 3875 377 3934 hoe
404 3876 524 3949 discum,
546 3888 578 3938 ut
604 3877 635 3937 iii
655 3879 763 3937 malitia
785 3880 935 3954 Babylonis
953 3882 1059 3955 possint
1112 3905 1148 3945 se.
1172 3890 1313 3947 Etdctum
1330 3888 1405 3947 estec'
1422 3896 1453 3946 ut
1476 3888 1581 3962 operiet
1595 3905 1622 3944 ce
1645 3887 1919 3961 bussinespiendente

260 3965 412 4042 prolicere;
439 3968 575 4042 sapientes
600 3969 675 4027 enim
698 3976 763 4028 sunt
789 3977 821 4027 ut
850 3971 953 4030 iaciant
975 3974 1058 4042 mala,
1113 3979 1249 4046 condide;
1275 3979 1410 4053 busunum
1435 3979 1505 4038 enim
1526 3977 1733 4053 justificationes
1762 3987 1830 4036 sunt
1859 3995 1918 4036 sea·

259 4055 434 4116 benecutem
459 4061 547 4118 faeere
571 4061 700 4119 nesciunt
725 4062 833 4134 (June.
860 4062 1060 4136 1v‚22).hiola
1112 4073 1225 4126 curum.

259 4163 326 4207 vero
341 4149 478 4224 quidquid
492 4150 543 4211 sub
557 4167 586 4210 se
606 4151 752 4226 acceperit,
769 4153 889 4211 conterit
903 4161 931 4211 et
945 4153 1060 4212 commi·
1149 4157 1245 4214 Totam
1270 4157 1435 4216 sententiam
1462 4157 1553 4232 posui,
1581 4163 1613 4214 ut
1639 4147 1766 4231 undique
1789 4158 1919 4216 circum-

259 4239 338 4296 nuit:
362 4256 508 4313 possumus
528 4241 615 4316 igitur
635 4259 684 4317 per
707 4244 808 4301 molam
828 4242 936 4315 jndices
958 4243 1060 4316 impios
1113 4255 1205 4318 specta
1219 4245 1278 4318 ejus
1291 4247 1431 4304 subtilitas
1448 4247 1558 4305 facilius
1577 4244 1702 4319 indagari
1716 4249 1821 4320 possit.
1836 4249 1920 4306 Ase-

260 4330 393 4404 aecipere.
418 4331 521 4390 Vocem
549 4349 614 4407 ergo
639 4334 714 4390 mola
739 4333 837 4399 mittit,
866 4349 930 4390 cum
951 4332 1060 4406 judiees
1114 4344 1187 4410 pum
1210 4354 1329 4412 namque
1343 4338 1460 4396 vocibus
1476 4337 1621 4412 quinquies
1640 4337 1755 4394 alleluia
1769 4337 1919 4397 decantata

260 4413 340 4492 impii
367 4418 473 4492 judicic
502 4420 604 4496 injuste
630 4422 664 4481 ad
692 4423 875 4481 conterendos
899 4423 1059 4482 innoeentes
1113 4443 1170 4483 esse
1191 4426 1320 4500 legitur:
1346 4429 1436 4502 primo
1464 4437 1491 4485 et
1509 4427 1629 4486 secundo
1653 4444 1670 4484 a
1690 4443 1761 4484 voce
1784 4428 1917 4486 tubarum

261 4508 416 4582 proferunt.
440 4511 493 4567 Per
517 4510 612 4568 lamen
626 4528 691 4570 uero
717 4513 846 4583 lucerne,
863 4511 947 4585 hujus
964 4514 1059 4571 seculi
1073 4555 1098 4614 D
1112 4518 1284 4588 multarum;
1307 4519 1389 4575 tertio
1412 4535 1428 4576 a
1443 4517 1544 4590 uiginti
1560 4525 1678 4592 quatuor
1701 4517 1879 4589 senioribus,
1894 4525 1919 4574 et

261 4598 349 4674 gloria
363 4597 522 4672 designatur
536 4618 542 4658 :
558 4599 592 4659 de
616 4600 668 4659 hae
690 4603 802 4660 lucerna
816 4603 883 4662 dicit
897 4605 1056 4678 Scriptura:
1112 4614 1229 4680 quatuor
1243 4607 1408 4665 animalibus
1424 4626 1431 4678 ;
1447 4615 1545 4682 quarto
1560 4624 1577 4664 a
1592 4623 1660 4664 voce
1674 4605 1708 4663 de
1721 4606 1835 4666 throno
1849 4607 1917 4664 exiit

267 4712 278 4739 ι
293 4689 572 4766 Lucernsimpiorum
583 4692 773 4767 exstinguetur
785 4694 877 4768 (Prec.
885 4713 965 4765 xxiv,
976 4695 1053 4770 20).»
1114 4713 1169 4754 nou
1177 4695 1236 4770 jam
1245 4699 1366 4768 alleluia,
1378 4697 1425 4756 sed
1436 4697 1495 4771 ejus
1507 4697 1858 4772 interpretatiodecantata
1868 4707 1918 4764 est,

260 4779 386 4838 Lucerna
413 4780 514 4855 quippe
538 4782 689 4856 impiorum
709 4785 905 4858 exstinguitur,
930 4804 994 4844 eum
1023 4783 1058 4842 ab
1114 4787 1198 4845 idest
1215 4806 1221 4846 :
1237 4787 1354 4844 Laudem
1367 4789 1444 4845 dicite
1458 4788 1616 4857 Dcenestro,
1630 4805 1719 4842 onnes
1734 4791 1828 4846 macti
1843 4789 1919 4860 q'sst

262 4867 315 4927 hac
328 4869 386 4926 vita
398 4870 544 4940 subtracti,
560 4871 691 4946 gaudium
705 4874 855 4948 temporale
874 4876 1017 4943 amittunt,
1033 4881 1061 4931 et
1114 4876 1225 4934 alleluia
1241 4879 1343 4952 qnippe
1363 4878 1493 4936 «laudate
1507 4878 1677 4936 Dominum·
1700 4886 1793 4936 sonat.
1812 4881 1920 4948 Quinto

262 4967 392 5017 emmam
409 4959 552 5018 tristitiam
575 4961 730 5019 incurrunt.
756 4963 905 5022 Possumus
918 4963 1060 5020 nihilomi·
1113 4983 1180 5024 vero
1193 4983 1209 5024 a
1224 4968 1312 5026 tribus
1326 4968 1441 5026 vocibus
1466 4969 1550 5026 semel
1573 4967 1717 5026 decantata
1741 4977 1795 5038 est,
1823 4970 1919 5038 idest,

261 5063 315 5108 nus
342 5065 391 5124 per
409 5064 541 5124 sponsum
567 5058 703 5110 amatores
726 5053 830 5124 seculi,
858 5070 907 5128 per
932 5069 1059 5128 sponsam
1114 5059 1294 5116 avcoetutne
1314 5076 1429 5132 magns,
1446 5067 1585 5117 etauoee
1600 5073 1736 5133 aquarum
1749 5060 1920 5130 multarum,

230 5195 236 5205 ,
261 5154 329 5198 sero
346 5147 448 5198 terram
464 5139 643 5215 iutelligero;
663 5143 727 5217 quia
746 5143 816 5202 sicut
835 5161 913 5201 amor
928 5159 1058 5217 sponsum
1114 5158 1170 5207 eta
1189 5166 1256 5207 voce
1275 5150 1462 5206 tonitruorum
1485 5165 1658 5222 magnorum.
1681 5147 1832 5221 Scriptura
1856 5147 1921 5205 iibri

253 5237 289 5289 et
302 5245 430 5306 sponsam
455 5230 533 5304 ligat,
557 5240 589 5290 ut
616 5248 672 5290 una
690 5249 753 5290 earo
777 5233 949 5292 efficiantur:
980 5233 1019 5290 ita
1032 5239 1060 5290 et
1114 5237 1198 5311 hujus
1218 5255 1288 5312 sape
1301 5239 1471 5297 demonstrat
1485 5253 1596 5296 omnem
1610 5239 1762 5296 electorum
1778 5239 1923 5296 multitu-

261 5337 340 5380 smor
354 5322 449 5380 seculi
471 5331 606 5380 amatores
629 5339 693 5381 suos
706 5323 747 5382 sie
762 5329 839 5382 terrae
860 5321 1014 5397 conjungit,
1028 5329 1060 5380 ut
1113 5319 1207 5386 dinem
1223 5327 1254 5384 in
1274 5335 1377 5402 septem
1396 5336 1487 5404 panes
1514 5344 1573 5386 esse
1593 5327 1774 5386 dividendam
1801 5327 1923 5403 (sensi

260 5428 347 5474 ιιιιιιιιι
373 5433 438 5476 cum
464 5433 496 5476 ea
510 5417 675 5490 efficientur,
702 5433 805 5492 aqua,
829 5417 853 5475 si
880 5414 941 5473 fieri
956 5423 1056 5490 posset,
1113 5417 1173 5492 ejus
1186 5416 1370 5492 intelligentia
1381 5417 1512 5477 subtilius
1523 5425 1720 5493 perscrutetur.
1731 5417 1805 5475 lusti
1821 5419 1924 5493 itaque

266 5619 272 5638 ι
299 5556 359 5639 (di)
374 5556 416 5616 lta
438 5573 524 5642 mss,
545 5555 613 5642 edit.
638 5557 819 5628 econuario,
847 5565 871 5616 ct
895 5558 1060 5618 adducentur
1113 5560 1137 5618 si
1158 5560 1215 5634 ejus
1237 5561 1370 5622 subtiliter
1383 5564 1424 5622 ccl
1447 5563 1620 5638 intelligentie
1640 5563 1922 5638 enumeremus

257 5633 328 5697 paen
340 5629 490 5756 adEpcudm
503 5637 670 5705 semmurum
1113 5649 1179 5694 mss.
1196 5635 1307 5704 melius,
1323 5644 1354 5695 ut
1367 5651 1418 5695 nos
1430 5635 1461 5695 in
1470 5644 1560 5698 textu

299 5697 359 5772 (63)
399 5699 450 5759 dit.
461 5709 560 5764 etmss.
571 5703 650 5779 item,
660 5701 930 5777 erudicisemmdit.
941 5703 1056 5766 addunt:
