4122 6192
135 261 172 318 ss
863 263 1069 326 anuommo.
1526 343 1527 348 .
1755 276 1791 336 m

139 391 239 449 ιοιιιιι
264 393 383 450 crimine
408 393 534 452 Hilarius
560 385 680 452 iniectus
707 405 796 454 esset:
824 411 856 454 ac
882 407 1013 469 praterea
1028 413 1169 472 nunqnam
1185 399 1372 472 angustinum
1399 403 1598 460 attributorum
1621 403 1706 462 fuisse
1725 405 1791 464 huie

136 486 245 542 Hilario
273 486 389 544 titulum
414 488 515 558 sancti,
530 504 623 562 quem,
641 489 715 548 facto
728 489 887 561 schismate,
902 491 936 548 ab
952 492 1075 548 Ecclesia
1103 495 1245 551 recessisse
1273 512 1329 564 non
1352 495 1504 568 ignorabat.
1533 495 1587 554 Sed
1609 497 1791 571 respondetur

135 591 199 630 eum
215 590 272 632 non
298 592 396 633 omnes
426 576 575 635 haereticos
596 579 804 654 rebaptizandos
826 579 988 636 arbitratum
1007 597 1075 650 esse,
1091 589 1120 638 at
1146 583 1219 640 solos
1244 585 1372 654 Arianos,
1397 601 1482 659 eaque
1504 585 1683 644 distinctione
1699 587 1790 660 ipsum

135 664 273 732 iudicasse
301 666 331 722 in
354 682 415 724 eam
439 667 601 740 opinionem
622 685 678 726 nou
704 669 758 726 alia
785 685 815 726 re
835 686 892 726 esse
909 668 1069 739 adductum,
1088 687 1169 744 qnam
1189 671 1255 745 quia
1273 672 1358 730 iidem
1373 673 1496 732 haretici
1519 674 1553 731 de
1579 675 1714 734 Trinitate
1735 692 1792 734 nou

135 763 211 812 recte
224 755 386 824 sentientes,
400 755 491 814 lorma
506 757 590 814 etiam
613 775 669 814 non
691 759 815 831 legitima
840 759 869 815 in
883 758 1047 832 baptismate
1062 768 1206 818 uterentur
1222 780 1230 832 ;
1250 769 1331 835 atque
1355 763 1423 821 adeo
1437 765 1509 823 nihil
1526 767 1655 835 vetuisse,
1672 767 1789 840 quomi-

135 867 190 910 nus
215 851 371 922 hareticos‚
389 853 438 927 qui
454 853 606 912 catholicus
629 854 843 929 rebaptizabant,
872 855 896 911 is
911 839 1064 926 impeteret.
1081 851 1213 908 Secundae
1239 851 1388 924 objectioni
1410 855 1565 913 satisfacere
1580 857 1634 914 sibi
1649 857 1791 926 videntur,

136 942 160 1000 si
175 952 357 1002 memoratum
385 944 500 1002 honoris
517 946 631 1002 titulum
652 954 814 1018 argumento
828 962 886 1002 esse
905 943 1068 1019 negaverint
1087 950 1213 1000 sanctum
1227 943 1458 1016 Augustinumde
1482 947 1587 1005 Hilario
1608 948 1785 1006 Luciferiano

137 1032 352 1106 accipiendum:
371 1033 420 1092 sed
436 1034 529 1107 potius
550 1032 674 1090 indidem
700 1033 905 1106 conjiciendum
927 1049 985 1092 esse
1010 1034 1221 1091 antdiaeouum
1242 1033 1323 1090 illum
1337 1033 1517 1090 secessionem
1532 1051 1673 1108 nunquam
1687 1037 1786 1096 iecisse

136 1123 172 1180 ab
190 1123 323 1179 universa
351 1122 476 1180 Ecclesia
499 1131 608 1180 servata
624 1122 757 1180 nimirum
784 1140 847 1181 cum
872 1122 994 1196 ejusdem
1023 1125 1111 1198 capite
1131 1125 1212 1182 beato
1231 1127 1348 1182 Damaso
1376 1140 1441 1198 pace
1465 1135 1492 1182 et
1509 1127 1723 1184 communione:
1744 1136 1793 1185 aut

138 1215 231 1288 ipsam
256 1215 367 1274 tandem
394 1215 553 1287 priusquam
569 1229 583 1270 e
598 1213 673 1271 vivis
686 1213 842 1284 excederet,
859 1215 889 1270 iu
911 1214 1024 1288 gratiam
1048 1215 1161 1274 rediisse
1183 1232 1246 1274 oum
1261 1215 1416 1275 catholicis.
1435 1215 1539 1293 llerum
1571 1215 1730 1290 hujusmodi
1744 1235 1793 1276 re-

143 1319 249 1378 sponso
267 1305 345 1378 plane
359 1302 513 1360 contrarius
526 1311 568 1360 est
584 1302 792 1377 llieronymus;
813 1303 914 1378 quippe
929 1306 976 1378 qui
999 1305 1033 1362 dc
1058 1307 1164 1364 Hilario
1186 1323 1242 1363 non
1256 1315 1388 1381 tanquam
1408 1306 1442 1363 ah
1457 1305 1592 1381 episcopis
1613 1307 1727 1382 aliquot,
1744 1318 1793 1365 aut

144 1401 257 1452 tautum
280 1394 313 1452 ad
337 1401 455 1466 tempus,
478 1391 526 1450 sed
540 1392 575 1449 ab
590 1392 666 1448 omni
681 1392 818 1450 catholica
833 1394 973 1464 societate,
989 1413 1021 1454 ao
1044 1413 1093 1471 per
1107 1397 1269 1456 universum
1281 1397 1347 1454 vitre
1369 1397 1539 1456 curriculum
1554 1405 1677 1470 separato
1692 1398 1793 1473 loqua-

143 1491 190 1541 tur
205 1485 325 1555 (Diulog.
340 1483 403 1541 adv.
429 1483 561 1552 Lucifer„
576 1490 638 1556 post
662 1483 760 1557 med).
789 1483 891 1542 Contra
909 1485 981 1544 hanc
1004 1487 1165 1561 opinionem
1191 1487 1220 1544 id
1240 1489 1324 1544 etiam
1348 1486 1423 1556 licit,
1445 1485 1518 1560 quod
1542 1487 1674 1558 Hilarius,
1699 1494 1794 1561 utpote

136 1575 267 1633 Romana
282 1574 412 1632 Ecclesia
436 1573 580 1644 diaconus,
601 1573 636 1630 de
659 1573 754 1631 eadem
779 1591 835 1632 non
850 1577 928 1650 quasi
944 1577 1105 1649 peregrinus
1122 1583 1170 1632 aut
1193 1577 1300 1633 alienus
1316 1575 1425 1633 locutus
1439 1583 1519 1632 esset.
1535 1574 1595 1644 Quo
1619 1576 1694 1633 euim
1716 1585 1794 1650 paeto

136 1669 171 1726 de
194 1686 244 1726 sua
266 1668 391 1726 Ecclesia
406 1666 541 1740 potuisset
559 1667 699 1726 scribere:
730 1669 806 1724 Nunc
831 1675 927 1741 septem
949 1667 1074 1724 distortos
1093 1683 1147 1723 esse
1161 1672 1274 1739 oportet,
1289 1672 1312 1721 tt
1336 1666 1488 1737 aliquantos
1504 1666 1680 1738 presbyteros,
1695 1675 1726 1724 ut
1739 1669 1795 1745 birri

137 1759 191 1814 aiut
209 1775 259 1831 per
276 1758 408 1814 Ecclesiae
426 1757 472 1827 (la
486 1756 574 1828 Epist.
598 1756 616 1811 Ι
628 1757 665 1812 od
683 1757 796 1815 Timotlt.
819 1774 879 1831 cap.
896 1757 940 1830 ιιι)
954 1759 969 1816 i
992 1758 1104 1815 Etenim
1118 1774 1193 1826 cum,
1210 1758 1363 1831 imperante
1375 1755 1547 1814 Diocletiano
1562 1757 1666 1830 (Optat.
1681 1757 1731 1815 lib.
1748 1759 1792 1831 ιι).

135 1848 193 1922 jam
209 1846 331 1906 basilica
350 1846 533 1920 quadraginta
557 1853 649 1904 essent
668 1846 697 1903 in
713 1846 796 1916 Urbe,
826 1863 882 1904 non
901 1848 1054 1919 oliqtmutcs
1075 1847 1250 1920 mesbpteros,
1275 1847 1323 1923 sed
1353 1856 1384 1905 ut
1404 1845 1552 1906 minimum
1576 1847 1715 1921 octoginta
1735 1848 1795 1905 illie

139 1936 265 1995 ordinari
279 1952 388 1994 necesse
402 1944 473 1993 erat.

176 2027 234 2084 Nee
253 2026 365 2084 dubium
385 2034 427 2084 est
443 2023 511 2100 quin
538 2023 581 2082 hae
610 2023 675 2098 ipsa
698 2041 787 2082 causa
814 2026 927 2084 Patauio
941 2026 970 2083 in
987 2033 1107 2084 mentem
1122 2025 1295 2096 induxerint,
1312 2032 1343 2083 ut
1362 2025 1454 2083 eadem
1471 2025 1675 2086 commentaria
1690 2025 1795 2084 Hilario

138 2117 252 2192 quidem
265 2123 414 2191 arrogaret,
429 2115 477 2173 sed
492 2114 540 2172 alii
554 2131 571 2172 a
585 2114 771 2186 Luciferiano,
788 2117 914 2192 quisquis
927 2115 1039 2173 demum
1054 2116 1103 2173 ille
1117 2117 1211 2175 luerit.
1228 2118 1265 2173 Et
1277 2131 1342 2174 sane
1358 2115 1512 2189 (Ughellus,
1530 2116 1595 2173 Itol.
1607 2132 1676 2174 socr.
1691 2124 1759 2173 tom.
1771 2118 1794 2182 1.

138 2215 210 2282 part.
235 2225 267 2277 rr,
283 2223 345 2280 pag.
361 2207 390 2276 6)
405 2213 437 2263 ιι
459 2205 597 2262 Hilarium
618 2205 670 2262 sub
691 2207 809 2262 Damaso
837 2223 893 2263 non
921 2207 1083 2264 haberemus
1111 2208 1271 2282 Papiensem
1296 2208 1465 2282 episcopum,
1485 2207 1630 2266 sanctitate
1652 2215 1679 2264 et
1693 2203 1752 2266 zelo
1766 2209 1795 2265 in

139 2299 258 2356 Arianos
272 2299 390 2368 clarum,
405 2298 449 2356 eui
470 2297 542 2354 forte
557 2297 607 2354 illa
620 2305 736 2370 possunt
751 2298 862 2367 ascribi,
878 2304 1026 2372 supersunt
1045 2297 1136 2355 adhuc
1156 2298 1251 2356 multat
1266 2297 1441 2371 scriptiones,
1457 2312 1576 2372 quorum
1592 2304 1716 2356 auctores
1729 2305 1795 2354 tan-

137 2394 199 2444 tum
227 2395 432 2462 cognoscuntur
456 2387 570 2444 nornine
597 2396 690 2455 tenus,
709 2402 832 2461 quosque
857 2386 967 2460 penitus
982 2387 1183 2462 ignoraremus,
1213 2387 1268 2444 nisi
1287 2387 1397 2444 eosdem
1425 2386 1459 2444 ab
1485 2386 1541 2443 alio
1559 2387 1641 2444 semel
1656 2386 1795 2445 nominari

138 2497 204 2538 casu
219 2481 389 2552 contigisset.
415 2479 535 2546 Verum,
552 2480 616 2536 licet
639 2479 791 2537 universim
810 2481 902 2553 negari
922 2481 975 2536 ista
1001 2487 1149 2552 nequeant,
1166 2486 1280 2551 possunt
1304 2485 1397 2533 tamen
1422 2477 1479 2532 illis
1493 2476 1595 2549 opponi
1610 2476 1795 2549 augustinum

74 2581 78 2586 ’
138 2578 237 2629 contra
252 2569 412 2641 Pelagianos
434 2569 566 2627 acerrime
585 2568 729 2642 originalis
748 2570 835 2642 culpae
855 2569 1011 2628 doctrinam
1035 2570 1230 2644 impugnantes
1249 2585 1305 2624 non
1325 2583 1439 2625 usurum
1466 2567 1550 2623 luisse
1565 2567 1724 2625 testimonio
1737 2568 1797 2642 ejus

137 2669 272 2730 auctoru,
286 2660 333 2732 qui
349 2660 438 2716 sicubi
465 2677 525 2717 eam
553 2660 664 2716 videtur
678 2676 835 2733 agnoscere,
851 2659 1000 2734 aliquando
1015 2668 1106 2716 tamen
1121 2658 1286 2718 contrariam
1305 2673 1361 2731 prae
1378 2672 1405 2712 se
1421 2655 1491 2712 fert:
1508 2655 1611 2728 quique
1636 2667 1728 2730 aperte
1741 2659 1797 2714 Pe·
1838 2698 1842 2707 .

139 2749 258 2822 lagianis
272 2750 364 2805 favere
393 2763 408 2804 a
432 2747 602 2818 gravissimis
615 2757 642 2805 et
657 2749 859 2822 probatissimis
887 2750 1022 2824 theologis
1042 2751 1228 2817 existimatur,
1244 2756 1270 2803 et
1286 2763 1342 2803 uno
1357 2748 1452 2802 saltem
1470 2746 1529 2801 loco
1544 2746 1687 2804 manifeste
1702 2748 1795 2804 Semi-

143 2839 305 2912 pelagiauus
319 2837 544 2909 pronuntiatura
558 2838 715 2896 iustiniano
733 2855 748 2896 e
763 2843 891 2897 societate
910 2840 974 2898 lesu
991 2841 1053 2896 viro
1068 2840 1228 2896 doctissimo
1245 2837 1402 2906 (Comttteat.
1422 2835 1450 2889 in
1469 2835 1554 2905 Epist.
1569 2836 1586 2891 Ι
1598 2837 1633 2891 od
1650 2837 1713 2893 Cor.
1733 2853 1793 2911 cap.

141 2933 217 3000 ιιι).
236 2926 307 2996 Quid
333 2927 356 2984 si
383 2925 438 2984 huc
463 2926 644 3000 adjecerimus
661 2939 688 2986 et
714 2929 783 2985 alios
797 2946 903 2987 errores
918 2929 966 3002 qni
994 2944 1094 2999 passum
1114 2926 1213 2982 iisdem
1233 2925 1262 2980 in
1283 2922 1495 2982 Commentariis
1518 2923 1793 2994 deprehenduntur?

139 3017 223 3076 Certe
237 3017 347 3074 defendi
360 3033 417 3073 non
440 3025 529 3092 potest
543 3035 638 3076 eorum
654 3028 760 3088 auctor,
776 3020 842 3094 quin
864 3035 926 3078 curn
943 3017 1061 3090 Origene
1077 3023 1192 3072 senserit
1205 3015 1260 3086 (Eu
1276 3013 1345 3072 Estii
1364 3013 1507 3068 Corruueut.
1524 3012 1553 3066 iu
1569 3013 1657 3082 Epist.
1668 3013 1705 3068 od
1720 3014 1793 3084 pr.

138 3123 202 3181 cap.
220 3109 276 3179 ιιι),
293 3107 322 3163 in
343 3108 486 3164 voluntate
514 3107 672 3166 damonum
696 3126 754 3166 esse
768 3110 800 3165 cb
827 3127 919 3166 errore
933 3127 949 3164 r
962 3111 1048 3167 silire.
1065 3110 1248 3182 Exploratum
1265 3122 1373 3180 quoque
1393 3107 1471 3163 uictus
1485 3116 1536 3174 est,
1550 3107 1624 3179 quod
1640 3109 1738 3163 marito
1757 3107 1798 3166 lat

137 3213 230 3270 usque
245 3213 305 3254 esee
316 3197 456 3254 contendit
480 3197 526 3270 (la
548 3199 637 3270 Epist.
665 3199 681 3256 Ι
698 3200 734 3256 od
751 3201 814 3256 Cor.
828 3215 889 3272 cap.
905 3201 971 3272 ιιι),
986 3217 1073 3257 uxore
1092 3206 1204 3272 propter
1219 3197 1385 3254 adulterium
1401 3195 1553 3269 repudiata,
1571 3197 1653 3253 aliam
1672 3197 1772 3255 ducere
1789 3219 1795 3256 :

138 3287 228 3344 uxori
246 3293 336 3342 autem
348 3285 381 3342 ah
400 3286 523 3343 adultero
538 3287 654 3360 conjuge
670 3296 799 3360 separata
814 3305 878 3346 curu
899 3288 954 3345 alio
969 3291 1040 3347 inire
1056 3288 1216 3363 conjugium
1234 3288 1315 3345 licere
1330 3293 1420 3360 negat.
1437 3285 1489 3343 Sed
1505 3301 1555 3342 nec
1572 3285 1616 3342 vlla
1627 3287 1711 3342 etiam
1730 3286 1796 3344 satis

136 3393 208 3436 sana
218 3383 295 3445 suut,
307 3375 377 3450 quod
391 3376 490 3435 iactam
503 3378 549 3448 (la
563 3377 651 3450 Epist.
666 3379 681 3435 Ι
689 3381 725 3435 ud
742 3379 804 3436 Cor.
820 3395 880 3453 cap.
896 3397 925 3436 ιι
939 3389 966 3439 et
984 3397 1044 3450 ιιι,
1057 3379 1273 3451 eutrapetus
1290 3377 1390 3434 Colore.
1406 3375 1466 3450 cap'.
1483 3377 1526 3448 ιιι)
1542 3376 1576 3433 ad
1588 3377 1734 3449 imaginem
1745 3379 1796 3452 [leq

136 3469 287 3526 mulierem
304 3483 377 3538 esse;
393 3467 535 3542 episcopos
549 3469 718 3542 superiorem
733 3466 900 3542 preshyteris
915 3468 1030 3541 gradum
1046 3470 1170 3528 obtinere
1186 3470 1233 3541 (la
1247 3468 1335 3540 Epist.
1347 3467 1383 3524 ud
1397 3467 1468 3539 pr.
1485 3481 1544 3539 cap.
1561 3466 1615 3538 ιι),
1630 3476 1678 3525 ιιι
1688 3466 1797 3545 diversa

136 3557 252 3616 institui
263 3557 437 3615 ordinatione
445 3557 604 3626 inficiatur;
621 3567 648 3616 et
658 3558 783 3633 quaedam
794 3557 997 3616 aliaeommuni
1009 3559 1209 3618 catholicorum
1224 3557 1316 3616 sensui
1331 3555 1424 3613 minus
1434 3569 1555 3629 congrua
1568 3555 1685 3613 subinde
1700 3555 1795 3614 trabit.

174 3647 322 3717 Praeterea,
339 3648 448 3705 etiamsi
478 3649 565 3706 multa
587 3648 645 3705 sint
671 3663 732 3722 qua
756 3648 790 3705 ad
814 3646 1011 3707 vindicandam
1038 3647 1105 3706 huic
1126 3647 1202 3720 operi
1223 3646 1348 3704 eamdem
1372 3661 1436 3702 cum
1460 3647 1577 3702 Damaso
1601 3645 1794 3720 antiquitatem

135 3741 233 3797 lavere
248 3738 406 3809 videantur,
421 3739 450 3795 in
475 3755 631 3814 aequoque
656 3747 807 3796 occurrunt
834 3741 899 3809 alia,
919 3738 1070 3813 exquibus
1099 3739 1128 3795 in
1149 3744 1258 3795 estatem
1284 3736 1373 3794 multo
1399 3737 1579 3810 posteriorem
1602 3736 1680 3809 rejici
1698 3738 1794 3811 possit.
1823 3731 1827 3738 ’

134 3827 173 3885 ιιι
194 3826 270 3884 enim
286 3827 332 3884 hie
354 3827 517 3884 omittamus
539 3829 649 3884 nullum
674 3827 836 3885 Latinorum
863 3827 893 3885 in
916 3826 994 3884 Pauli
1015 3827 1159 3902 Epistolas
1181 3835 1361 3900 preterquam
1388 3824 1527 3884 Victorini
1561 3824 1797 3883 Commentarium

135 3918 253 3992 agnosci
267 3917 301 3974 ab
316 3917 486 3992 Hieronymo
500 3919 529 3974 in
551 3917 714 3976 daturibus
732 3918 935 3988 Ecclesiasticis,
952 3918 1068 3976 minime
1082 3917 1213 3976 abhorret
1228 3934 1245 3974 a
1268 3916 1416 3974 verisimili
1430 3915 1551 3990 plurima
1570 3915 1599 3971 in
1614 3915 1696 3973 hosce
1711 3917 1797 3972 libros
1886 3941 1889 3946 ¹

136 4024 173 4065 ex
194 4007 361 4080 Augustino,
375 4007 574 4081 Chrysostomo
588 4015 616 4065 et
636 4007 807 4081 Hieronymo
825 4008 957 4065 translata
986 4025 1061 4078 esse;
1085 4009 1142 4066 imo
1154 4008 1251 4077 etiam,
1273 4007 1349 4082 quod
1369 4006 1516 4064 observatu
1539 4021 1603 4062 sane
1616 4003 1730 4077 dignum
1743 4013 1794 4070 est,

135 4113 173 4153 ex
188 4095 239 4153 illo
253 4097 314 4170 ipso
339 4105 556 4156 commentatore
579 4096 659 4169 cujus
687 4097 856 4166 lucubratio,
880 4096 914 4154 ad
939 4099 1043 4156 calcem
1071 4114 1186 4171 operum
1204 4096 1368 4172 Hieronymi
1383 4095 1468 4166 edita,
1484 4093 1586 4168 Pelagii
1599 4107 1657 4150 esse
1671 4107 1688 4148 a
1700 4091 1796 4150 multis

135 4187 311 4260 perhibetur.
327 4187 439 4245 Etenim
457 4203 520 4245 cum
535 4187 591 4244 sint
611 4186 666 4244 loci
681 4202 737 4243 nou
750 4187 830 4260 pauci
854 4186 901 4260 qui
917 4189 1034 4246 totidem
1049 4189 1142 4246 verbis
1164 4189 1291 4263 legantur
1310 4189 1340 4245 in
1357 4196 1475 4260 utroque
1490 4183 1698 4251 commentario,
1714 4191 1796 4258 atqua

136 4275 209 4332 adeo
224 4275 343 4333 alterurn
358 4277 393 4333 ab
407 4278 492 4334 altero
505 4284 602 4335 mutuo
615 4276 763 4350 sumpsisse
777 4292 833 4332 uon
851 4278 889 4333 sit
902 4277 1029 4350 dubium,
1046 4281 1138 4337 minus
1155 4279 1296 4354 probabile
1309 4279 1501 4336 existimamus
1515 4276 1795 4350 Hieronymiastrum,

136 4365 188 4438 qui
214 4375 271 4423 tam
297 4365 391 4424 brevis
407 4381 439 4423 ac
462 4367 589 4424 concisus
615 4375 667 4436 est,
682 4383 717 4425 en
732 4367 936 4424 Ambrosiastro
950 4369 1074 4443 quaedam
1090 4369 1231 4442 petivisse,
1246 4382 1353 4443 quame
1367 4383 1511 4425 converso.
1536 4367 1581 4424 Ad
1610 4366 1670 4424 hac
1683 4365 1796 4439 insuper

136 4455 238 4512 licebit
254 4454 401 4529 adjungere
416 4457 450 4513 ah
464 4457 518 4514 hoc
532 4465 645 4514 auctore
659 4472 715 4514 non
729 4457 836 4514 minore
859 4457 952 4514 studio
976 4459 1085 4532 probari
1106 4457 1249 4517 Christum
1270 4457 1420 4516 Dominum
1436 4456 1583 4531 adoptione
1603 4472 1659 4514 uon
1673 4470 1731 4513 esse
1744 4451 1796 4512 Dei

135 4547 257 4615 Filium,
273 4548 391 4621 quamsi
405 4556 466 4622 post
484 4565 590 4606 errores
604 4547 704 4606 Felicis
718 4556 800 4622 atque
815 4549 945 4622 Elipandi
959 4547 1113 4622 scripsisset
1124 4549 1170 4622 (la
1180 4549 1268 4622 Epist.
1285 4549 1321 4605 cul
1336 4548 1467 4621 Pttttpp,
1483 4564 1543 4621 cap.
1560 4561 1605 4620 11).

173 4637 237 4694 illia
252 4645 408 4712 temporum
423 4639 588 4698 differentiis
612 4642 635 4697 si
658 4638 798 4698 addideris
822 4642 986 4699 nonnullam
1001 4641 1030 4700 in
1045 4641 1218 4699 diversarum
1232 4641 1411 4715 epistolarum
1427 4639 1651 4714 expositionibus
1660 4639 1793 4701 dictionis

134 4729 330 4788 assentantis
345 4746 426 4802 super
441 4733 535 4790 eadem
562 4731 677 4791 materia
700 4731 927 4806 discrepantiam,
944 4747 1052 4790 necnon
1080 4729 1233 4789 disserendi
1257 4731 1340 4790 modo
1364 4730 1513 4792 fusissime,
1530 4729 1612 4787 modo
1626 4732 1794 4792 contractis-

135 4819 210 4874 sime
224 4817 450 4893 inequalitatem,
466 4822 519 4880 erit
533 4821 649 4881 forsitan
664 4823 711 4898 qui
726 4823 850 4897 ejusdem
865 4839 962 4879 manus
976 4822 1071 4880 omnia
1101 4821 1160 4878 bac
1182 4820 1380 4879 commentaria
1394 4835 1452 4877 esse
1466 4819 1620 4892 dissentiat,
1636 4832 1683 4881 aut
1696 4824 1793 4882 saltem

133 4907 170 4964 ad
186 4923 355 4981 quernpuam
371 4909 530 4984 hujusmodi
545 4913 752 4988 compilatorem
768 4913 910 4971 referenda
923 4919 1057 4980 arrtumet,
1071 4910 1118 4985 qui
1141 4910 1171 4966 in
1183 4909 1413 4988 metendis'variis
1423 4909 1560 4981 operibus,
1572 4927 1690 4985 qnorum
1707 4913 1795 4972 multa

134 4996 345 5065 interciderint,
359 4999 466 5074 aliquas
479 5003 612 5076 temporis
635 5002 806 5076 singulorum
823 5012 903 5060 notas
929 5001 967 5059 ita
984 5001 1141 5070 retinuerit,
1163 5009 1194 5057 ut
1220 5000 1263 5057 sui
1290 5002 1392 5073 pariter
1411 5000 1463 5056 avi
1488 5002 1638 5059 nonnullas
1651 5001 1791 5078 adjecerit.

134 5085 245 5144 l'erum
274 5089 420 5162 quantavis
447 5089 596 5149 difficultas
622 5094 658 5150 sit
681 5092 711 5148 in
732 5093 898 5166 assignanda
912 5093 971 5149 sive
985 5091 1116 5160 auctoris,
1132 5091 1191 5147 sive
1211 5091 1301 5163 operis
1316 5089 1490 5164 antiquitate,
1507 5107 1590 5147 manu
1605 5101 1725 5162 exarata,
1741 5107 1793 5148 eo-

134 5176 269 5236 rumdem
283 5177 550 5239 Commentariorum
574 5183 727 5252 volumina,
751 5185 823 5242 sicut
846 5193 872 5241 et
887 5183 1037 5256 scriptores
1051 5198 1066 5238 a
1081 5180 1182 5255 quihus
1199 5181 1284 5238 citata
1306 5179 1462 5254 expilatave
1476 5181 1662 5255 reperiuntur,
1678 5184 1791 5256 planum

133 5267 247 5325 iaciunt
260 5268 364 5327 eisdem
379 5280 488 5346 tempus
502 5273 603 5331 seculo
617 5285 714 5332 octavo
729 5275 866 5348 posterius
879 5273 1034 5347 adjudicari
1048 5271 1208 5347 neutiquam
1223 5287 1312 5344 posse.

168 5357 237 5416 Nou
247 5357 365 5418 deerunt
378 5361 504 5433 tortasse,
520 5363 568 5438 qui
582 5367 746 5423 sententiam
757 5374 879 5424 nostram
894 5365 965 5424 scire
978 5370 1079 5422 aveant
1091 5363 1126 5420 de
1139 5371 1250 5420 auctore
1266 5361 1446 5430 Quaestionum
1459 5360 1529 5420 Noai
1543 5368 1567 5420 et
1586 5361 1681 5421 Veteris
1698 5360 1790 5417 Testa·

132 5447 403 5523 castamserram
418 5452 624 5510 Ambrosiastro
637 5453 763 5511 eumdem
784 5468 843 5512 esse
868 5453 949 5524 multi
970 5459 1032 5527 post
1055 5451 1200 5526 theologos
1222 5450 1419 5518 Lovauienses,
1433 5466 1450 5507 a
1464 5450 1566 5525 quibus
1581 5452 1665 5508 iidem
1680 5449 1745 5506 libri
1760 5447 1790 5505 in

132 5539 321 5616 appendicem
340 5559 454 5618 operum
469 5545 558 5606 sancti
572 5543 721 5621 Augustini
736 5546 816 5618 (tom.
830 5545 878 5615 ΙΙΙ,
894 5552 965 5619 part.
982 5545 1003 5618 1)
1017 5545 1113 5618 rejecti
1127 5543 1215 5613 fuere,
1228 5545 1355 5604 arbitrati
1373 5551 1447 5604 sunt.
1464 5545 1567 5604 Verum
1582 5558 1642 5616 quae
1657 5541 1791 5602 hactenus

132 5633 356 5710 disputavimus,
371 5637 438 5694 satis
451 5637 602 5696 ostendunt
620 5635 654 5696 de
681 5635 733 5694 hac
755 5651 785 5694 re
803 5643 921 5695 statuere
942 5653 998 5694 uon
1023 5651 1081 5695 esse
1104 5637 1236 5711 proclivis
1250 5635 1365 5710 negotii.
1385 5633 1568 5692 Proieruntur
1581 5629 1694 5705 quidem
1709 5633 1789 5708 longe

134 5723 274 5796 plurima,
288 5739 351 5798 quaa
366 5725 395 5783 in
409 5733 527 5802 utroque
540 5742 623 5802 opere
646 5725 746 5784 iisdem
760 5725 864 5798 verbis,
879 5725 1032 5802 iisdemque
1045 5727 1138 5785 citatis
1151 5725 1300 5799 Scriptura
1321 5723 1390 5782 locis
1400 5721 1431 5778 in
1448 5723 1545 5781 oculos
1559 5723 1704 5783 incurrant
1721 5741 1728 5782 ι
1744 5721 1792 5782 sed
