4074 6178
110 283 171 346 rm
742 291 836 353 acra
855 292 883 353 ε.
904 293 1126 358 suuasrraru.
1538 263 1539 266 Ὺ
1694 313 1763 374 naa

143 411 185 469 ts.
200 409 267 470 Nam
280 409 327 484 qui
338 408 423 484 hujus
430 418 485 468 tam
500 411 638 486 praeclaro
648 416 712 473 ritae
725 425 831 474 amator
846 433 905 476 esso
917 426 942 486 Α
955 429 981 478 ει
991 438 1050 480 cras
1064 426 1227 484 evanescit?
1242 427 1295 488 ista
1309 445 1370 504 quta
1382 429 1466 488 hodie
1480 434 1646 505 exardescit,
1663 447 1691 496 et
1702 456 1764 498 cras

108 507 238 578 noluerit,
261 522 318 566 non
333 507 423 566 solum
445 507 527 566 istam
542 511 644 583 perdit,
668 510 744 570 etad
760 513 837 572 illam
853 531 909 572 uun
962 513 1136 586 refrigescit?
1148 516 1200 573 ista
1214 534 1274 592 quae
1289 519 1340 576 sub
1353 518 1421 577 bora
1434 521 1588 594 inducitur,
1603 533 1630 582 et
1647 527 1699 584 arrb
1714 528 1764 586 ho·

108 597 243 670 pervenit,
257 611 355 654 verum
370 596 453 654 etiam
467 606 497 654 ut
504 597 562 669 jam
573 598 634 656 dixi
647 616 663 657 a
677 611 808 676 perpetua
822 611 909 660 morte
963 617 993 658 ra
1007 603 1187 662 excluditur?
1200 622 1235 664 an
1250 607 1299 664 illa
1321 625 1381 681 quae
1403 610 1481 666 nullo
1500 611 1554 670 fine
1575 616 1762 690 concluditur,

108 693 213 767 capitur
228 699 392 762 astanetum
419 692 516 767 inqua
531 704 571 753 est
581 695 657 770 jugis
675 697 797 769 flamma,
820 717 908 774 persa.
964 692 1041 748 nullo
1050 700 1170 765 tempore
1180 695 1461 770 exstinguitur,nulla
1469 718 1581 773 prorsus
1590 707 1763 764 consumitur

109 799 205 840 verens
219 783 374 852 tribulatio,
389 789 416 839 et
430 799 511 856 pruna
525 795 674 859 perpetua;
691 788 720 844 in
737 805 791 861 qua
804 798 909 848 atroces
964 783 1123 840 vetustate?
1137 785 1204 840 Nam
1220 784 1271 842 iste
1287 785 1367 844 dolor
1387 797 1435 845 aut
1458 789 1527 847 levis
1549 800 1599 864 εει,
1624 803 1650 852 ει
1674 804 1763 870 potest

108 872 196 946 angeli
212 881 430 942 commorantur,
456 889 575 947 quorum
599 874 713 934 brachia
735 878 826 951 capita
840 879 910 938 dra.
962 869 1144 928 tolerabiliter
1159 874 1306 944 sustiueri;
1327 884 1375 934 aut
1398 877 1489 951 gravis
1512 889 1563 950 εει,
1594 890 1621 939 ει
1642 885 1762 957 glorioso

110 977 209 1019 „onum
224 971 299 1030 sung,
315 977 432 1036 quorum
446 963 520 1020 oculi
534 979 568 1020 ex
583 981 611 1022 ae
626 964 719 1039 igneas
738 967 850 1039 sagittas
860 966 910 1039 ja.
963 961 1112 1018 certamine
1122 961 1235 1020 citatum
1244 965 1324 1022 ollert
1333 967 1434 1037 finem;
1451 969 1498 1026 ille
1512 978 1603 1028 autem
1618 989 1761 1046 poeuarum

108 1049 256 1118 oulantur;
278 1065 397 1124 quorum
414 1051 509 1110 dentes
523 1053 596 1110 aicut
614 1053 766 1128 elephantis
793 1055 910 1129 proemi-
964 1045 1043 1104 [1010r
1066 1058 1092 1106 tl
1116 1051 1253 1110 cruciatus
1273 1054 1405 1126 incendii,
1421 1057 1468 1130 qui
1485 1058 1567 1132 hujus
1581 1061 1646 1118 Viiffl
1660 1070 1761 1122 amato·

110 1145 183 1207 nant,
213 1138 411 1196 aestimatam
437 1139 471 1196 ad
499 1148 669 1200 tormentum
698 1144 786 1201 veluti
815 1144 909 1202 oeudae
963 1135 1145 1208 ribusdatur,
1160 1157 1223 1197 cum
1239 1142 1275 1198 sit
1290 1144 1624 1208 vehementioruniverso
1642 1159 1762 1210 tormen·

112 1225 296 1299 scorpionum,
322 1243 441 1300 quorum
455 1245 538 1288 voces
552 1231 640 1287 veluti
654 1232 764 1290 leonum
781 1233 908 1292 fremitus
963 1238 1054 1288 torum
1081 1249 1188 1306 genere,
1213 1253 1354 1312 nunquam
1381 1240 1520 1300 finiendus
1543 1246 1708 1318 aggreditur,
1735 1256 1763 1306 ει

108 1323 213 1383 sonant,
240 1332 358 1390 quorum
378 1326 505 1392 aspectus
527 1328 674 1378 tremorem
689 1321 791 1380 incutit
807 1323 909 1397 pariter
962 1320 1052 1378 acrius
1067 1321 1183 1380 subinde
1203 1341 1285 1400 quam
1306 1329 1479 1389 inchoaverit
1501 1335 1591 1404 savit,
1617 1345 1644 1393 et
1668 1338 1763 1398 nullus

111 1412 138 1462 ει
149 1405 273 1462 dolorem
288 1414 315 1463 et
330 1415 458 1466 mortem.
484 1412 575 1483 Atque
589 1410 695 1468 utinam
720 1429 795 1470 mors
818 1421 909 1487 posset
962 1410 1093 1466 saeviendi
1104 1414 1249 1486 terminus,
1265 1417 1359 1476 nullus
1373 1421 1562 1480 omninofinis
1572 1427 1703 1497 occurrit,
1715 1428 1763 1487 sed

109 1492 137 1550 iu
151 1493 195 1550 his
210 1495 344 1567 angustiis
357 1497 516 1556 constitutis
531 1501 692 1558 occurreret
713 1499 765 1558 Sed
780 1501 854 1575 quod
867 1510 908 1558 est
962 1496 1066 1555 hebens
1077 1517 1170 1560 socom
1184 1505 1314 1562 universa
1328 1509 1528 1581 suppliciorum
1538 1529 1637 1585 genera
1644 1515 1762 1576 subinde

110 1582 243 1650 acerbius,
258 1584 294 1641 ad
308 1583 361 1642 hoc
374 1585 492 1657 uiuitur,
503 1595 536 1643 ut
548 1589 717 1674 cruciatibus
730 1591 907 1664 gubernetur,
962 1599 1112 1648 renovatur
1127 1601 1157 1649 ut
1170 1595 1276 1666 saeviat,
1292 1609 1486 1672 augmentatur
1503 1612 1535 1660 ut
1549 1606 1701 1676 excruciet,
1717 1607 1760 1665 iu-

110 1672 142 1729 ad
157 1672 209 1731 boc
232 1674 466 1748 redintegrantur,
489 1686 522 1734 ut
541 1695 623 1736 exesa
642 1680 812 1752 serpentium
829 1699 909 1739 mur·
962 1681 1120 1742 flammatur
1135 1694 1166 1743 ut
1178 1689 1270 1747 acrius
1286 1699 1357 1748 urat.

109 1761 183 1820 sibus
206 1764 331 1822 membra
356 1764 462 1822 iteratis
480 1766 598 1825 subinde
617 1769 759 1828 etiterum
784 1771 945 1854 repetitisB
998 1773 1043 1832 tt.
1060 1776 1132 1834 ilinc
1145 1793 1211 1852 ergo
1225 1779 1323 1838 abhoc
1338 1782 1464 1853 interitu,
1475 1800 1687 1858 quosamamus,
1698 1787 1761 1846 hor·

108 1854 245 1914 morsibus
258 1860 448 1914 attrectentur.
963 1871 1053 1919 ternur
1067 1865 1202 1936 eradere3
1219 1877 1246 1924 ει
1260 1885 1311 1928 nos
1330 1870 1404 1943 ipsos
1417 1870 1452 1928 ad
1467 1873 1638 1932 eradendum
1653 1876 1763 1936 fortiter

409 1980 523 2040 CAPUT
541 1982 590 2040 VI·
962 1968 1164 2026 praeparemus:
1181 1973 1231 2016 neo
1246 1959 1394 2020 timeamus
1407 1979 1463 2020 una
1477 1963 1544 2020 hora
1558 1965 1629 2023 ferro
1639 1965 1762 2026 dolorem

285 2069 437 2142 myrum
452 2071 567 2143 segg-gg,
581 2077 606 2128 ,g
618 2072 715 2145 morra,
962 2041 992 2098 itt
1016 2058 1139 2116 corpore,
1167 2047 1217 2118 qui
1242 2058 1368 2120 optamus
1396 2061 1527 2124 perpetuo
1554 2053 1671 2127 gaudere
1699 2073 1762 2114 cum

410 2181 416 2192 ,
654 2183 660 2194 ,
685 2184 690 2195 ,
962 2129 1073 2188 Christo
1090 2150 1095 2188 :
1111 2133 1303 2206 permittamus
1317 2137 1436 2196 animaru
1453 2149 1576 2200 nostram
1592 2159 1655 2201 cum
1672 2145 1764 2218 palma

143 2177 186 2238 20.
207 2177 271 2238 ilaec
285 2188 325 2238 eat
339 2197 432 2238 omnis
453 2198 534 2241 causa
547 2191 717 2255 certaminis,
738 2200 797 2258 quae
813 2202 906 2260 peenas

108 2268 234 2344 martyrii
255 2271 335 2329 docet
348 2271 532 2329 tolerabiliter
553 2272 651 2331 debere
672 2273 790 2330 sufferri.
815 2275 905 2332 Nolite

107 2378 180 2435 ergo,
196 2378 212 2418 o
227 2361 320 2433 amici,
335 2363 435 2434 nolite,
451 2380 467 2420 ο
483 2372 619 2437 parentes,
633 2364 729 2436 nolite,
745 2383 762 2422 o
776 2365 905 2440 conjuges

108 2451 268 2508 veneranda
282 2460 450 2523 sanctorum,
464 2453 550 2511 nolite
562 2470 578 2509 a
589 2455 646 2511 vita
656 2452 690 2511 ad
703 2462 906 2532 mortemquos

108 2538 224 2613 diligitis
247 2557 386 2611 revocare,
411 2556 428 2598 a
452 2541 552 2614 gaudio
571 2543 605 2601 ad
631 2543 737 2600 luctum
761 2543 871 2615 ducere,
890 2562 906 2603 ε

109 2629 215 2686 lumine
230 2629 264 2686 ad
279 2629 406 2688 tenebras
420 2629 540 2702 trabere,
554 2640 582 2689 et
596 2632 630 2689 ab
646 2639 748 2689 aeterua
762 2635 856 2708 requie
872 2636 906 2694 ad

108 2733 203 2792 poenas
216 2719 397 2792 sempiternas
410 2736 556 2778 accersere.
580 2721 639 2779 lloc
652 2730 692 2780 est
706 2740 770 2781 cum
794 2724 905 2785 diabolo

107 2809 184 2882 quasi
199 2807 320 2882 piscibus
330 2810 444 2867 hamum
454 2811 577 2879 tendere,
592 2818 620 2868 ει
633 2812 751 2872 invitare
761 2814 795 2871 ad
811 2817 906 2874 modi-

107 2914 168 2957 cam
185 2900 359 2969 suavitatem,
378 2899 472 2975 inqua
487 2900 562 2958 intus
575 2903 657 2960 lateat
668 2905 806 2962 cruciatus
820 2907 905 2964 visce-

106 3005 179 3059 rum,
192 2996 219 3045 et
229 3005 303 3046 mors
312 2989 476 3048 interiorum
488 2993 633 3048 tormentis
643 3001 761 3051 extorta.
774 2994 905 3068 Nunquid

106 3094 163 3136 non
176 3078 228 3136 boc
241 3087 282 3136 est
296 3078 332 3137 ad
344 3083 596 3153 compensatiouem
616 3091 779 3139 aeternarum
795 3084 905 3142 delicia·

106 3184 168 3226 rum
185 3166 302 3242 fugitiva
316 3167 416 3241 gaudia
431 3175 612 3243 anteponero;
627 3178 653 3226 et
665 3177 694 3227 ut
709 3187 855 3244 perparum
870 3175 906 3231 ri·

104 3256 198 3329 deant,
213 3258 324 3316 aeternis
337 3257 450 3316 fletibus
461 3259 642 3331 mancipare?
658 3261 715 3318 lloc
729 3261 759 3317 iu
775 3261 905 3335 gladiato·

103 3348 194 3416 ribus,
214 3348 262 3421 qui
285 3349 359 3406 ultro
380 3363 410 3406 se
430 3349 560 3418 offerunt,
585 3349 708 3407 universi
731 3350 905 3424 damnamus,

103 3436 152 3511 qui
167 3437 341 3495 considerant
357 3437 441 3494 unius
455 3439 521 3494 anui
534 3437 657 3508 delicias,
673 3447 700 3496 et
713 3455 770 3496 nou
782 3440 906 3499 conside·

102 3535 177 3596 rant,
202 3528 250 3601 qui
278 3528 384 3586 fructus
402 3544 439 3586 ex
458 3528 525 3602 ipsis
544 3527 651 3587 deliciis
672 3531 788 3588 oriatur.
807 3532 844 3588 Et
862 3532 905 3589 illi

102 3619 265 3676 cruciantur
274 3618 376 3678 ictibus
385 3618 553 3692 gladiorum,
568 3621 612 3677 vel
623 3620 728 3678 alterna
739 3620 814 3679 caede
823 3621 905 3678 iuter·

101 3723 140 3764 ua
152 3706 303 3777 viscerum,
328 3709 413 3768 scisso
432 3708 538 3768 ventris
558 3709 689 3783 tegmine,
714 3709 744 3768 in
757 3718 905 3784 conspectu

101 3798 249 3872 profanant
259 3801 436 3873 populorum,
449 3807 480 3858 ut
495 3799 642 3874 pinguedo,
654 3817 735 3877 quam
749 3801 906 3860 inconsulta

99 3887 200 3959 eagina
214 3891 379 3958 contulerat,
395 3890 527 3948 alteratur
541 3889 652 3948 diabolo
667 3891 834 3949 devoranda.
851 3892 905 3949 lato

99 3967 775 4052 oonsilioiuimici,quoistibaecfauiunt,ipso
789 3980 905 4038 consilio
960 4021 974 4078 f
1007 4021 1058 4076 hm
1085 4035 1174 4077 meam
1202 4019 1309 4078 foveam
1345 4027 1373 4078 et
1397 4022 1406 4079 i
1427 4021 1451 4078 si
1472 4019 1675 4078 mmmm
1697 4033 1758 4077 mm

100 4062 242 4122 advitam
256 4069 386 4120 aternam
402 4065 561 4122 euntealtei
576 4075 712 4140 martyres
730 4075 903 4138 revocantur,
962 4037 1039 4184 (ἴδιαι
1064 4125 1110 4166 m
1134 4109 1162 4182 7)
1194 4132 1204 4157 ‚
1313 4063 1322 4092 '
1409 4037 1427 4095 p

99 4151 295 4230 quintvitam
305 4153 904 4230 paucorumdierumvivautexorauturtil)
1042 4153 1048 4166 '
1113 4151 1121 4177 ’
1168 4153 1174 4166 '

99 4249 254 4317 perpetuos
283 4241 422 4300 cruciatus
445 4243 596 4313 incurrere,
621 4251 649 4301 et
671 4254 787 4303 mortem
811 4261 904 4320 porpe-
1055 4313 1061 4327 ἡ
1102 4315 1107 4328 .
1187 4315 1192 4328 Ι
1263 4222 1378 4328 ChPlil'
1392 4223 1452 4326 Vll.
1569 4314 1574 4326 .
1734 4311 1740 4328 ο

99 4340 194 4401 guam,
208 4347 269 4405 ω
284 4330 439 4405 gpggpgppggr
454 4334 601 4392 „leggenda
615 4342 666 4404 ω,
681 4351 737 4392 non
752 4335 859 4394 timere,
960 4315 1107 4374 Saboataam
1121 4322 1239 4373 oratioue
1261 4321 1286 4372 et
1301 4317 1439 4372 maraculo
1456 4329 1573 4370 conuersa
1588 4313 1642 4372 Zce
1659 4319 1684 4372 et
1704 4315 1759 4376 Nr·

141 4421 187 4479 tt.
208 4421 279 4480 lluic
293 4423 353 4481 loco
374 4423 446 4482 furta
459 4423 531 4481 illud
545 4425 705 4499 apponitis:
723 4425 813 4494 Quare
827 4425 903 4485 Chri·
1287 4411 1428 4463 mmmm·

97 4511 213 4569 atianua
226 4521 364 4574 tormenta
384 4529 440 4572 non
456 4515 566 4585 metuit,
578 4522 606 4572 ει
621 4517 764 4589 praesentis
777 4531 833 4573 non
847 4524 907 4575 ter·
925 4525 949 4585 n
995 4513 1039 4572 23.
1056 4515 1143 4590 lgitnr
1157 4531 1219 4572 cum
1235 4514 1294 4572 haec
1307 4513 1482 4571 beatissimus
1496 4511 1686 4586 Sebastianus,
1709 4514 1759 4574 iu·

99 4608 183 4658 retur
197 4617 278 4675 praua
291 4604 407 4662 tortoris
420 4604 505 4678 (ilbi
524 4605 588 4662 ldeo
603 4621 659 4663 uon
671 4605 809 4680 frangitur
821 4615 906 4678 metu,
961 4603 1046 4662 dutus
1073 4604 1228 4678 chlamyde,
1257 4605 1414 4663 succinctus
1440 4604 1542 4674 balteo,
1571 4621 1606 4661 ex
1633 4621 1684 4662 suo
1712 4621 1759 4666 ore

99 4689 171 4748 ideo
184 4691 279 4750 dolore
302 4708 359 4750 nou
374 4693 496 4765 ducitur,
517 4695 583 4768 quia
597 4695 649 4754 scit
662 4711 691 4753 se
706 4697 790 4754 unius
803 4695 908 4754 doloris
962 4694 1105 4768 proferret,
1125 4695 1218 4752 subito
1241 4712 1289 4769 per
1309 4711 1393 4751 unam
1417 4695 1473 4751 fere
1495 4693 1590 4750 horam
1614 4695 1759 4768 splendore

98 4782 197 4856 pretio
220 4789 359 4856 perpetuae
382 4786 509 4844 sanitatis
529 4787 660 4859 gaudium
682 4804 790 4857 emere;
815 4795 841 4846 et
860 4805 908 4863 par
961 4784 1049 4842 nimiu
1062 4783 1095 4841 de
1110 4786 1179 4842 cralo
1191 4785 1317 4842 veniente
1334 4782 1507 4841 illuminatus
1522 4792 1572 4852 est,
1591 4795 1618 4843 ει
1632 4787 1684 4844 sub
1698 4787 1758 4861 ipso

98 4881 327 4932 momentaneam
345 4875 554 4934 tribulationem
570 4877 605 4935 ad
619 4887 777 4951 perpetuam
792 4873 924 4937 felicita·⁴
961 4875 1117 4952 splendore,
1131 4877 1328 4934 candidissimo
1342 4875 1427 4950 pallio
1441 4876 1559 4934 amictus
1582 4886 1624 4934 est
1647 4878 1681 4934 ab
1705 4895 1759 4935 an-

98 4969 164 5020 tem
179 4970 207 5020 et
220 4963 415 5037 sempiternam
431 4965 559 5024 letitiam
580 4968 735 5040 pervenire.
751 4968 803 5026 Sed
817 4969 840 5025 si
856 4969 907 5028 iste
961 4970 1029 5044 galis
1047 4979 1152 5044 septem
1173 4969 1343 5040 clarissimis,
1358 4976 1385 5026 et
1396 4967 1508 5041 juvenis
1531 4971 1658 5045 apparuit
1677 4971 1759 5044 juxta

99 5052 248 5112 timendus
262 5049 299 5114 sit
311 5051 401 5125 dolor,
421 5054 562 5113 timendus
577 5056 613 5114 sit
626 5056 766 5124 carnifex,
786 5056 908 5116 timenda
961 5077 1024 5119 eum
1036 5060 1104 5119 daus
1121 5060 1147 5118 ei
1159 5077 1266 5137 pacem,
1279 5071 1306 5121 ει
1320 5061 1431 5120 dicens:
1455 5061 1497 5118 Tu
1520 5077 1627 5134 semper
1649 5076 1757 5118 mecum

99 5161 219 5220 quoque
238 5147 275 5206 ait
293 5163 367 5207 nova
391 5156 418 5206 et
441 5149 581 5222 exquisita
603 5151 717 5208 tortoris
736 5151 905 5222 crudelitas;
961 5151 1025 5209 eris.

99 5249 170 5311 quaa
184 5237 271 5310 magia
286 5237 420 5310 timenda,
435 5253 497 5314 quaa
511 5237 660 5310 horrenda,
683 5257 743 5315 quaa
757 5239 843 5312 magis
858 5240 908 5296 fn·
996 5241 1041 5300 tt.
1057 5241 1121 5299 liae
1134 5247 1225 5299 autem
1239 5237 1402 5316 gerebantur
1415 5235 1488 5298 iutra
1502 5237 1561 5316 (to)
1575 5235 1688 5297 domurn
1703 5233 1757 5312 pri·

100 5327 209 5402 gisuda
218 5335 261 5386 est
275 5337 303 5388 et
322 5328 456 5400 meando,
482 5328 535 5388 ista
558 5347 618 5406 quaa
638 5329 722 5388 hodie
742 5329 905 5401 afferreacit,
962 5331 1097 5390 miscrinii
1114 5331 1186 5405 (27),
1200 5333 1312 5390 nomine
1320 5331 1479 5402 Nicostrati,
1493 5329 1564 5404 apud
1575 5343 1655 5403 quero
1667 5331 1757 5388 custo·

961 2222 1089 2295 martyrii
1106 2239 1141 2279 ex
1152 2223 1206 2282 buc
1221 2226 1312 2300 egredi
1326 2243 1452 2301 corpore,
1467 2239 1497 2288 ut
1511 2232 1648 2303 possimus
1668 2250 1763 2307 poenas

961 2318 1076 2369 aeternas
1090 2314 1216 2381 evadere,
1231 2325 1259 2374 et
1272 2315 1308 2374 ad
1321 2319 1506 2390 possessiones
1527 2320 1645 2380 sidereas
1667 2324 1762 2396 plenas

960 2403 1192 2464 delectationibus
1219 2408 1373 2480 pervenire.
1396 2409 1545 2484 [iacrymas
1569 2423 1676 2471 nostras
1698 2431 1762 2473 con·

962 2501 1101 2550 vertamus
1116 2494 1304 2568 ingaudium:
1321 2498 1385 2571 quia
1401 2515 1458 2557 non
1471 2499 1603 2558 dommus
1616 2503 1696 2574 quasi
1705 2521 1762 2562 mo

961 2582 1064 2640 rituros
1078 2585 1216 2657 plangere,
1230 2602 1299 2659 quos
1314 2602 1378 2645 curu
1394 2589 1504 2646 Christo
1516 2589 1655 2647 credimus
1667 2606 1761 2664 regua·

960 2673 1759 2747 turoaCougratulemrtrvictoribushostium,conculcata

960 2778 1056 2834 eorum
1071 2763 1177 2820 cervice
1189 2781 1195 2820 :
1207 2765 1427 2836 congaudeamus
1440 2767 1568 2840 martyrii
1579 2770 1759 2842 pretextaiu·

960 2852 1046 2921 dutis,
1061 2860 1088 2908 et
1101 2852 1163 2908 caeli
1176 2851 1263 2910 factos
1276 2855 1403 2912 consules
1417 2855 1578 2927 gloriemur.
1596 2857 1713 2914 Eudios
1728 2859 1758 2916 in

961 2960 1015 3018 quo
1026 2943 1135 3002 vincere
1151 2961 1180 3002 se
1195 2951 1330 3016 tyrannus
1337 2946 1523 3018 existimabat,
1534 2948 1580 3022 qui
1591 2948 1658 3005 durn
1672 2948 1759 3022 capit,

960 3041 1056 3106 captus
1069 3041 1128 3103 est;
1144 3034 1210 3094 dum
1226 3043 1311 3104 tenet,
1327 3036 1438 3096 vinctus
1460 3045 1517 3105 est;
1545 3039 1611 3096 dum
1636 3046 1757 3114 torquet,

922 3159 943 3220 C
960 3131 1049 3180 tortus
1067 3132 1127 3194 est;
1147 3125 1212 3182 dum
1228 3126 1352 3196 insultat,
1368 3127 1465 3184 irrisus
1479 3135 1520 3184 εει
1536 3147 1543 3196 ;
1559 3119 1625 3186 dum
1638 3128 1758 3204 jugulat,

960 3213 1067 3271 eccisus
1092 3221 1142 3272 εει.
1164 3216 1244 3274 Nunc
1267 3231 1331 3288 ergo
1352 3216 1382 3272 iu
1405 3233 1498 3274 amore
1521 3218 1648 3291 martyrii
1674 3221 1758 3277 etiam

960 3311 1069 3359 nostros
1086 3303 1250 3362 suscitemus
1264 3305 1395 3374 allectus;
1416 3313 1448 3362 ut
1461 3305 1542 3364 illum
1556 3308 1604 3382 qui
1619 3307 1652 3364 de
1665 3317 1759 3366 nostra

960 3393 1119 3464 captivitate
1134 3393 1223 3450 voluit
1243 3393 1386 3452 uictoriam
1407 3410 1515 3467 capere,
1529 3395 1640 3453 fortiter
1662 3397 1759 3469 capia·-

961 3496 1032 3550 mus,
1045 3489 1073 3538 ει
1085 3483 1162 3555 quasi
1175 3482 1277 3556 agrari
1289 3500 1386 3541 murno
1400 3483 1583 3558 expergefacti
1604 3485 1760 3560 aporiamus

960 3572 1055 3629 oculos
1069 3572 1235 3642 animorum,
1253 3584 1284 3632 ut
1298 3574 1423 3632 videntes
1437 3573 1531 3632 foveas
1545 3591 1613 3650 quas
1627 3577 1657 3634 iu
1670 3577 1758 3634 nostri

960 3664 1109 3738 perniciem
1133 3664 1266 3724 inimicus
1287 3671 1440 3738 aptaverat,
1467 3682 1519 3724 uos
1541 3666 1653 3740 quidem
1675 3667 1760 3725 auxi·

961 3753 1046 3810 liante
1059 3755 1116 3812 Deo
1130 3755 1288 3826 evadamus,
1305 3761 1332 3811 et
1349 3755 1409 3830 ipsu
1427 3755 1540 3813 diabolo
1563 3772 1626 3813 cum
1650 3755 1760 3813 aamlli-

960 3843 1035 3899 tibus
1057 3844 1114 3900 suis
1129 3843 1159 3901 in
1175 3844 1263 3916 ipsum
1288 3861 1369 3917 quam
1389 3852 1531 3918 paraverat
1554 3845 1661 3902 forman
1682 3842 1760 3903 iuci-

960 3931 1052 4000 deute,
1067 3947 1117 3988 noa
1131 3947 1194 3988 cum
1208 3931 1343 4004 Propheta
1355 3931 1499 3990 dicamus:
1522 3932 1682 3990 «Foderunt
1695 3938 1759 3988 ante

159 5607 194 5666 tt
225 5608 276 5669 lla.
292 5608 367 5684 ltip,
377 5625 462 5683 porro
476 5607 619 5667 tormmtia
962 5610 1035 5670 inter
1060 5611 1129 5669 aliua
1149 5611 1400 5670 administrationes
1414 5616 1455 5665 est
1466 5605 1675 5678 primumdum,
1699 5605 1757 5668 site

159 5531 206 5610 ²4)
225 5536 283 5608 Ab,
299 5535 434 5595 dMilli·
998 5539 1057 5614 (tt)
1070 5538 1126 5597 Sub
1140 5537 1320 5616 dispositione
1331 5537 1386 5595 viri
1400 5533 1516 5593 illustris
1535 5529 1657 5608 prefecti
1676 5527 1757 5593 Urbis

145 5535 195 5749 {26
225 5679 341 5750 Quidam
355 5679 475 5752 codices,
485 5680 589 5754 jacto:
606 5699 662 5741 non
676 5681 816 5756 probatur.
960 5684 1143 5749 armerum,
1160 5683 1195 5741 de
1206 5683 1285 5756 cuius
1301 5681 1392 5740 officio
1406 5679 1494 5736 multa
1506 5678 1566 5736 alii,
