4038 6168
73 283 76 290 ’
106 298 164 360 oss
1712 294 1766 354 suo

560 293 791 354 Beneuentum
810 292 999 386 expostulo
1018 293 1054 351 IN
1073 291 1326 352 APOCALYPSIN.

105 423 345 483 medicamentum
357 419 482 479 excludit
493 438 500 490 ;
512 437 555 478 ne
568 419 673 479 scilicet
692 436 740 494 per
754 420 911 478 contessio-
924 421 951 482 Α
963 417 1111 488 sintbinm,
1131 434 1180 492 per
1194 435 1275 492 quarn
1291 435 1337 476 acs
1351 418 1398 493 qui
1413 433 1462 489 per
1475 414 1631 477 doctrinam
1646 419 1766 494 prophe·

104 530 175 572 nem
190 521 218 570 et
234 511 426 587 penitentiam
447 510 516 568 victi
531 525 588 567 esse
616 509 774 568 videantur.
790 511 827 567 Et
847 510 912 585 qnia
966 515 1056 566 tarum
1090 508 1304 565 amaritudinem
1342 506 1512 582 punitentia
1548 517 1765 582 assumpserunt,

28 657 30 662 .
104 604 216 660 malum
232 617 313 660 suum
328 608 359 656 ut
372 599 472 658 vicisse
501 599 657 669 videantur,
673 600 797 670 laudant,
830 617 912 657 com-
966 607 1047 674 atqua
1065 616 1114 673 per
1127 615 1186 657 eam
1201 599 1270 656 salvi
1287 615 1346 656 essa
1362 607 1531 668 meruerunt,
1543 597 1668 656 diximus
1681 599 1767 658 luisse

104 691 242 766 pleturin
261 688 401 746 illisillud
415 687 628 763 propheticum:
657 714 667 738 ι
692 688 741 746 lle
756 688 805 762 qui
817 688 911 746 dicitis
966 690 1139 764 designatos:
1167 690 1215 749 hic
1237 698 1329 748 autern
1352 690 1381 746 in
1406 690 1541 747 effusione
1565 690 1664 763 phialae
1690 691 1765 749 tertii

104 783 215 838 malum
234 780 349 850 bonurn,
365 778 507 835 etbonnm
522 780 648 836 malum:
679 785 813 852 ponentes
829 785 913 835 tene-
966 781 1055 853 arrgeli
1083 780 1199 836 flumina
1223 788 1250 836 et
1276 781 1367 838 fontes
1389 780 1418 836 in
1442 779 1604 851 sanguinem
1631 796 1766 840 conuersa

103 870 173 926 bras
186 870 287 938 lucent,
300 875 328 925 et
342 868 432 926 luceru
446 867 574 924 tenebras
595 867 663 939 (isc.
682 884 712 934 x,
727 868 792 939 2th
810 893 821 918 ι
840 869 912 924 Fer·
965 868 1050 925 fuisse
1064 869 1204 941 leguntur.
1220 871 1343 942 Angelus
1358 869 1444 942 igitur
1455 868 1576 942 phialam
1592 885 1669 926 suam
1683 886 1765 943 super

103 970 155 1018 tur
169 959 229 1017 avis
243 958 368 1032 quedam
383 973 451 1028 esse,
468 973 528 1032 quas
542 965 697 1030 serpentem
713 957 802 1015 vincit
830 964 857 1014 et
867 973 911 1015 co·

104 1048 205 1117 medit,
222 1047 269 1104 sed
284 1053 346 1119 post
364 1045 508 1119 paululum
532 1061 639 1102 veneno
652 1045 730 1102 illius
743 1045 909 1119 perimitur:

104 1139 238 1197 similiter
248 1145 276 1194 et
288 1137 335 1194 isti
351 1137 470 1209 gandent
479 1152 507 1192 se
521 1135 621 1194 vicisse
633 1137 787 1208 proximos,
803 1137 850 1193 sed
862 1145 911 1192 ta-

965 956 1081 1014 flumina
1094 966 1122 1014 et
1138 959 1227 1016 fontes
1240 975 1372 1032 aquarum
1384 957 1492 1027 effudit,
1505 958 1615 1032 quando
1625 958 1764 1032 prophete

965 1049 1053 1105 sancti
1069 1048 1155 1121 impio
1174 1049 1276 1122 populo
1294 1047 1410 1104 verbum
1431 1048 1483 1104 Dei
1506 1047 1762 1106 annuntiaverunt:

965 1139 1012 1195 sed
1027 1138 1068 1194 illi
1094 1155 1129 1195 ex
1154 1139 1349 1212 praedicatione
1364 1145 1521 1196 sanctorum
1537 1139 1626 1194 multo
1641 1136 1765 1195 deterio-

105 1230 143 1286 lis
157 1227 275 1285 uictoria
284 1227 461 1284 interfectrix
470 1235 512 1284 est
526 1227 682 1283 animarum
697 1225 821 1284 illorum.
838 1225 911 1294 Qui·
964 1245 1008 1284 res
1022 1229 1121 1297 effecti,
1145 1245 1201 1285 non
1215 1228 1305 1284 solum
1321 1226 1450 1284 mandata
1461 1225 1511 1283 Dei
1528 1233 1763 1299 contempserunt,

104 1333 218 1392 cunque
230 1332 295 1390 ergo
310 1316 377 1373 tales
400 1324 475 1385 suut,
503 1314 688 1373 characterem
703 1321 814 1389 portant
844 1314 910 1371 dia·
964 1318 1011 1375 sed
1034 1327 1061 1376 et
1088 1320 1162 1391 ipsos
1188 1317 1266 1376 verbi
1289 1317 1340 1374 Dei
1363 1317 1508 1374 ministros
1534 1315 1705 1375 occiderunt.
1732 1319 1764 1374 ln

103 1407 175 1465 boli.
201 1408 254 1464 Per
282 1405 431 1479 imaginem
452 1420 517 1462 vero
543 1404 637 1462 bestias
666 1404 735 1462 vitia
763 1420 910 1478 possumus
964 1409 1125 1482 sanguinem
1142 1425 1209 1465 vero
1229 1409 1302 1466 vomi
1317 1416 1402 1476 sunt;
1420 1407 1485 1482 quia
1506 1406 1559 1482 ipsi
1583 1407 1764 1481 sibimetipsis

105 1495 283 1568 intelligere:
306 1509 338 1550 eo
361 1493 435 1566 quod
459 1493 517 1568 ipse
542 1494 578 1550 sit
588 1502 684 1551 auctor
704 1493 762 1566 (tl)
784 1493 909 1550 omniurn
964 1508 1081 1555 mortem
1096 1507 1254 1572 perpetuam
1270 1499 1436 1556 intulerunt.

104 1585 255 1642 malumm.
269 1583 421 1656 Imaginem
441 1583 534 1656 itaque
548 1583 644 1640 bestias
664 1581 770 1651 adorat,
785 1583 910 1655 quicun-
1001 1598 1092 1670 (pers,
1108 1599 1135 1666 5,
1149 1598 1190 1671 g)
1215 1601 1252 1654 gg
1269 1598 1361 1653 auggg
1384 1599 1506 1670 angelum
1525 1603 1651 1669 quonum
1670 1598 1764 1653 duom-

106 1690 159 1748 que
174 1673 254 1730 Vlills
269 1673 371 1741 servii}
388 1688 451 1728 llam
465 1681 493 1728 Bt
506 1672 607 1729 Paulus
636 1671 707 1730 dicit
721 1672 795 1746 qUOd
812 1678 909 1728 Vessbei'
964 1693 1033 1744 tem:
1054 1687 1148 1743 Jggtug
1171 1705 1206 1757 ες,
1231 1687 1278 1759 qui
1299 1703 1334 1756 eg,
1357 1694 1381 1742 gt
1403 1687 1450 1760 qui
1471 1704 1531 1743 em
1558 1693 1674 1755 gangim,
1698 1686 1763 1758 quia

103 1765 179 1820 Deus
191 1769 265 1820 esset
278 1760 413 1818 salsorum
428 1761 661 1835 predicatorum:
685 1760 845 1830 «Quorum,
859 1759 909 1816 in·
923 1786 947 1846 B
963 1779 1016 1834 pm
1038 1778 1184 1850 juggons&
1209 1779 1273 1850 φάη
1299 1778 1452 1850 ,afflinem
1474 1784 1625 1834 sanctorum
1649 1784 1673 1833 gg
1692 1794 1763 1849 pro.

102 1853 373 1927 quit‚1teusrantcr
387 1859 437 1921 654
451 1859 479 1908 ⁰¹
492 1851 580 1925 Cl⁰fi³
593 1851 622 1908 5¹¹
652 1850 817 1908 ⁰⁰¹¹f¹¹³i⁰¹¹⁰
828 1850 909 1923 iP50·
959 1870 1101 1940 piratarum
1115 1869 1274 1940 effuderunt,
1296 1876 1321 1924 et
1337 1867 1490 1940 sanguinem
1504 1867 1541 1923 eis
1555 1866 1651 1922 dedisti
1664 1867 1760 1934 hibere,

102 1963 183 2003 ffl¹¹¹²
211 1945 258 2019 lui
283 1953 393 2002 ‘Prieni
429 1945 540 2019 S‘iPPlni
570 1944 700 2018 (PMPPP-
739 1961 781 2014 111,
806 1944 866 2017 29)-
892 1970 901 1993 ·
962 1957 1033 2028 quod
1059 1957 1136 2028 digni
1162 1964 1234 2014 susat.
1270 1956 1419 2014 Possumus
1446 1973 1494 2030 per
1520 1957 1648 2029 angelum
1674 1972 1763 2029 quar-

101 2037 278 2094 Similiteret
290 2037 436 2094 avaritiam
453 2035 615 2094 servitutem
641 2035 752 2093 PocaVii
768 2036 906 2092 idolorum
962 2055 1021 2102 tum
1032 2047 1090 2119 (43)
1102 2045 1598 2120 angelumilliuspopuliintelliggre,
1609 2045 1763 2119 quivident,

104 2127 224 2198 (0⁰3058·
240 2144 283 2196 1¹¹2
299 2127 340 2200 5)·
959 2137 1035 2210 justo
1051 2137 1100 2193 Dei
1112 2135 1220 2209 judicio
1235 2136 1368 2209 populum
1384 2135 1510 2208 iniquum
1523 2151 1580 2192 esse
1590 2134 1762 2206 damnatum,

142 2221 218 2280 560
241 2224 333 2297 (Vera.
349 2224 390 2297 3.)
407 2227 444 2282 Et
457 2225 586 2282 secundus
599 2227 691 2298 effudit
702 2225 908 2298 phinlomsucm
962 2224 1056 2281 laudat
1079 2223 1242 2281 sententiam
1264 2221 1447 2295 justissimam
1472 2222 1523 2280 ilai
1548 2222 1760 2296 omnipotentis.

101 2314 130 2369 in
143 2331 230 2380 mure,
249 2319 273 2369 et
298 2312 386 2383 [actus
401 2321 439 2370 est
464 2315 573 2387 scopu-is
589 2322 718 2387 maguum
740 2316 852 2384 mortui,
883 2320 908 2371 et
961 2313 998 2370 Et
1011 2313 1249 2387 qniasauguinem
1267 2319 1427 2370 sauctorum
1447 2320 1474 2369 et
1497 2312 1693 2386 prophetarum
1719 2313 1761 2370 iu·

102 2402 189 2458 oannis
203 2402 295 2460 ocimu
305 2403 393 2460 cicens
408 2411 515 2460 mortua
530 2404 610 2460 estin
628 2405 711 2466 muri.
725 2406 779 2463 late
794 2405 907 2477 angelus
962 2405 1072 2475 derunt,
1088 2404 1249 2478 sangninem
1264 2402 1414 2470 biberunt;
1434 2402 1499 2476 quia
1513 2420 1564 2477 pro
1580 2412 1669 2460 morte
1686 2414 1762 2462 tem-

102 2495 231 2554 doctores
244 2495 323 2570 Legis
335 2495 482 2571 significat,
496 2497 569 2556 sicut
583 2505 609 2554 et
625 2497 672 2554 ille
690 2498 737 2572 qni
764 2497 793 2553 in
808 2513 906 2569 praece·
962 2495 1061 2566 porali,
1085 2510 1168 2568 quam
1180 2493 1263 2566 justis
1278 2491 1443 2562 intulerunt,
1468 2499 1585 2549 mortem
1602 2503 1761 2566 perpetuam

105 2585 186 2644 denti
211 2585 319 2642 risione
346 2585 482 2644 secundus
504 2585 570 2644 tuba
598 2585 730 2644 cecinisse
761 2586 838 2643 uisus
865 2593 907 2642 est
961 2592 1131 2658 receperunt.

105 2675 692 2750 (cap.vr11,cers.8):sedibitertiapars
712 2677 906 2734 marisinsan·
998 2683 1089 2755 (Vere.
1111 2683 1150 2755 7.)
1163 2683 1208 2738 'Et
1230 2680 1324 2737 audivi
1347 2680 1426 2736 atium
1450 2680 1538 2735 ultore
1563 2679 1649 2734 diceris
1678 2677 1758 2750 (44);

106 2767 222 2840 guinem
236 2783 316 2824 versa
329 2767 414 2825 inisse
428 2767 542 2839 dicitur,
565 2783 614 2842 per
628 2784 688 2842 quaa
711 2768 812 2826 electos
828 2767 906 2825 desi·
959 2772 1072 2828 Domine
1085 2773 1156 2828 Deras
1170 2770 1342 2842 omnipotens,
1367 2786 1431 2824 vern
1449 2774 1474 2824 et
1489 2767 1566 2838 justu
1578 2767 1684 2838 jedida
1702 2774 1758 2832 tam.

106 2864 207 2930 gnatos
225 2857 311 2915 iuisse
325 2857 467 2915 diximus:
482 2857 528 2915 hic
552 2866 643 2915 numm
659 2866 748 2915 toturn
777 2874 853 2914 nrare
875 2856 906 2914 in
961 2860 1109 2918 Possumus
1123 2875 1172 2932 per
1186 2859 1271 2916 altare
1286 2865 1394 2916 sanctos
1415 2857 1492 2913 viros
1510 2856 1558 2931 qui
1581 2872 1614 2913 eo
1637 2863 1760 2928 tempore

106 2945 396 3019 sanguinemversum
411 2963 468 3004 esse
483 2947 593 3022 legitur.
611 2947 743 3009 Vindicta
777 2947 905 3005 crimina·
960 2949 1083 3018 inierunt,
1110 2949 1282 3022 intelligere3
1297 2948 1346 3021 qui
1360 2944 1660 3018 laudaveruntJ'ustnm
1678 2943 1760 3017 jndi-

102 3035 175 3092 lium
191 3036 324 3092 scelerum
344 3036 495 3094 secundum
511 3036 817 3111 legemeratsangninis
831 3036 905 3094 eilu-
960 3040 1035 3098 cium
1049 3039 1110 3110 Dei,
1124 3055 1156 3096 ec
1171 3038 1244 3112 quod
1259 3038 1346 3111 impio
1361 3038 1463 3112 populo
1477 3035 1661 3109 justissimam
1676 3036 1759 3094 darn-

103 3124 146 3182 sio
163 3125 243 3198 (Gen.
256 3141 296 3196 rx,
310 3127 351 3200 h).
361 3126 412 3183 Per
422 3143 496 3184 mare
507 3127 592 3200 igitur
602 3127 828 3200 prevaricatores
839 3127 907 3201 legis
922 3145 943 3206 g
960 3130 1103 3188 nationem
1120 3129 1256 3198 intulerit,
1280 3129 1352 3186 sicut
1366 3128 1483 3201 legimus
1496 3127 1641 3184 Danielem
1662 3135 1690 3184 et
1703 3134 1758 3184 tres

101 3213 302 3286 designantur:
319 3215 393 3289 quod
409 3217 438 3273 in
453 3215 616 3290 sanguinem
646 3232 756 3274 versum
773 3223 825 3286 est,
840 3217 906 3290 quia
959 3235 1059 3294 pueros
1076 3219 1182 3277 iecisse.

102 3304 260 3362 vindictam
274 3312 432 3379 perpetuam
448 3322 497 3380 pro
520 3313 683 3379 contemptu
710 3305 904 3362 mandatorum
996 3310 1087 3384 (Vens.
1111 3311 1138 3381 8,
1163 3311 1204 3384 9.)
1231 3313 1269 3370 lit
1288 3319 1402 3384 quartus
1423 3313 1545 3386 phialam
1567 3331 1644 3370 sunm
1667 3317 1758 3388 effudit
1862 3341 1863 3344 ¹

101 3394 154 3452 Dei
169 3405 340 3468 receperunt
357 3395 455 3453 Omnis
469 3413 536 3454 varo
553 3397 646 3454 anima
666 3396 765 3454 vivens
794 3402 906 3452 monna
960 3399 1092 3468 insulem,
1112 3406 1136 3456 et
1149 3401 1241 3457 dutum
1255 3407 1293 3457 est
1305 3403 1351 3459 illi
1361 3407 1426 3458 estu
1440 3404 1542 3476 cfficme
1554 3403 1670 3459 homines
1685 3404 1756 3478 (45),

101 3484 190 3542 estin
205 3485 295 3554 mari;
312 3484 377 3560 quia
393 3486 522 3543 multiex
536 3485 571 3542 iis
590 3484 638 3559 qui
651 3485 762 3541 inmari
777 3491 864 3554 erant,
877 3483 906 3540 id
960 3494 984 3546 et
1011 3489 1075 3562 igni.
1104 3491 1142 3547 Et
1167 3497 1344 3548 estuaverunt
1370 3491 1486 3548 homines
1510 3499 1575 3548 cestu
1598 3510 1705 3566 mopso,
1734 3502 1759 3551 st

100 3583 155 3644 est,
170 3589 207 3630 ex
226 3589 343 3630 numero
352 3575 543 3648 reproborum,
560 3575 609 3648 qui
620 3589 749 3648 permare
762 3572 905 3647 designan·
961 3578 1206 3652 blasphemaverunt
1218 3597 1311 3636 mosen
1324 3580 1374 3638 Dei
1392 3580 1509 3637 habentis
1530 3587 1682 3653 potestatem
1706 3599 1757 3640 su-

100 3672 160 3733 tur,
179 3671 207 3720 et
220 3664 268 3737 qni
300 3672 363 3722 anta
390 3665 593 3738 perceptionem
612 3664 680 3738 legis
694 3663 764 3734 vivi,
799 3662 827 3719 id
853 3669 905 3733 est,
957 3687 1007 3742 per
1020 3670 1191 3742 laspupas3
1217 3687 1298 3742 neque
1318 3672 1628 3744 eperuntpmuitentium,
1652 3679 1683 3728 ut
1704 3673 1759 3729 du-

99 3757 170 3832 justi
186 3757 363 3829 videbantur,
379 3767 489 3832 accepta
508 3759 576 3832 lege,
590 3753 664 3832 qnod
677 3754 776 3829 injusti
790 3756 905 3823 luerint,
960 3763 1020 3814 rent
1030 3759 1075 3816 illi
1087 3759 1213 3832 glorium.
1230 3759 1349 3828 Quartus
1360 3761 1474 3834 angelus
1489 3759 1631 3819 Christum
1646 3770 1674 3819 et
1687 3777 1759 3836 apo-

102 3862 137 3904 ex
147 3848 373 3921 praevaricatione
384 3849 451 3920 legis
462 3848 671 3921 comprobatum
682 3855 732 3904 est.
744 3847 814 3905 Sunt
822 3846 905 3902 etiam
961 3849 1045 3907 stolos
1068 3849 1137 3924 ejus,
1165 3857 1330 3924 caeterosque
1349 3850 1540 3924 predicatores
1554 3851 1702 3924 significat,
1727 3861 1758 3909 nt

102 3937 188 3993 modo
204 3935 285 3995 multi
299 3938 329 3994 in
343 3937 478 4004 Ecclesia,
492 3938 540 4012 qni
554 3947 703 4010 antequam
720 3937 755 3994 ad
785 3937 906 3992 honores
961 3948 1089 4012 quartum
1108 3941 1236 4013 angelum
1256 3940 1285 3996 in
1307 3939 1442 4012 superiori
1463 3939 1571 3997 visione
1590 3939 1757 4012 significasse

102 4026 315 4098 ecclesiasticos,
336 4026 395 4084 siue
411 4027 554 4084 saeculares
569 4025 766 4094 conscendant,
782 4025 907 4082 sanctiet
960 4028 1101 4085 diximus:
1129 4028 1177 4086 sed
1199 4028 1239 4085 ibi
1262 4043 1311 4101 per
1339 4028 1424 4085 solern
1449 4028 1566 4101 populus
1588 4027 1756 4098 iudaeorum,

98 4114 170 4188 justi
187 4113 336 4172 videntur:
353 4132 449 4172 verum
465 4114 585 4189 acceptis
599 4115 762 4184 bonoribus,
778 4115 844 4171 dum
857 4113 905 4170 do·
960 4133 1009 4190 per
1026 4118 1136 4176 tertiam
1151 4126 1255 4191 partem
1274 4116 1341 4174 solis
1364 4124 1392 4174 at
1413 4116 1485 4173 luna
1507 4123 1588 4190 atque
1614 4115 1755 4172 stellarum

100 4219 171 4261 num
186 4203 238 4260 Dei
251 4204 280 4260 in
297 4205 402 4260 malurn
421 4211 596 4278 pervertunt,
610 4201 684 4277 quod
695 4201 796 4258 mortui
807 4209 835 4259 et
850 4216 905 4257 non
960 4207 1055 4266 fideles
1069 4209 1116 4282 qui
1132 4225 1167 4266 ex
1186 4208 1236 4265 illo
1249 4209 1352 4281 populo
1367 4207 1396 4264 in
1411 4207 1553 4266 Christum
1568 4205 1755 4277 crediderunt,

101 4291 163 4350 vivi
175 4293 289 4363 luerint,
302 4293 432 4351 omnibus
445 4300 528 4367 patet.
960 4297 1147 4372 designantur.
1170 4296 1290 4365 Quartus
1304 4297 1388 4371 igitur
1409 4296 1521 4369 angelus
1542 4294 1663 4368 phialam
1677 4313 1755 4354 suam

140 4390 233 4465 (Vera.
250 4389 291 4464 4.)
314 4393 351 4448 Et
365 4392 456 4448 tertius
477 4390 569 4463 effudit
585 4387 706 4462 phialam
733 4405 809 4445 sunm
828 4405 907 4462 super
961 4388 990 4444 in
1009 4387 1094 4444 solem
1118 4385 1231 4454 effudit:
1259 4387 1325 4460 quia
1346 4385 1472 4444 Christus
1496 4391 1524 4441 et
1547 4385 1663 4459 apostoli
1684 4385 1754 4458 ejus,

100 4481 227 4553 piamina,
244 4487 269 4536 et
282 4498 362 4554 super
375 4481 460 4553 sunaus
474 4497 617 4553 uquarum,
642 4485 666 4535 et
684 4478 772 4550 foetus
787 4485 823 4535 est
837 4496 906 4536 sou·
921 4507 944 4566 D
961 4476 1034 4549 qnod
1047 4475 1126 4548 impii
1143 4474 1231 4532 Judaei
1253 4491 1269 4531 a
1293 4475 1423 4533 Romanis
1437 4472 1546 4531 delendi
1561 4481 1662 4544 essent,
1680 4491 1755 4548 aper·

99 4571 172 4644 puis.
189 4571 245 4626 lste
271 4569 384 4644 angelus
408 4569 556 4644 prophetas
570 4569 704 4643 designat,
718 4585 767 4642 per
791 4569 906 4626 flumina
961 4568 997 4626 tis
1012 4569 1128 4627 vocibus
1141 4567 1340 4642 predixerunt.
1360 4566 1428 4624 Nam
1443 4567 1514 4624 sicut
1528 4565 1645 4639 quilibet
1660 4583 1757 4625 servus

100 4677 170 4716 vero
182 4658 326 4734 sontesque
342 4675 475 4734 aquarum
488 4659 636 4718 duodecim
655 4659 746 4717 tribus
769 4675 832 4717 curn
848 4657 905 4716 suis
959 4657 1059 4732 accipit
1073 4675 1089 4714 a
1101 4658 1222 4716 Domino
1235 4674 1286 4715 suo
1300 4657 1433 4731 gladium,
1449 4673 1504 4714 non
1519 4655 1593 4713 unde
1607 4655 1665 4729 ipse
1676 4655 1756 4730 jugu-

100 4749 220 4807 lamiliis
233 4749 412 4822 designantur
424 4767 432 4818 ;
453 4767 517 4807 narn
535 4759 563 4807 et
576 4751 607 4808 iu
621 4750 787 4824 precedenti
797 4749 905 4807 visione
961 4750 1042 4818 letur,
1070 4747 1117 4805 sed
1130 4747 1202 4806 unde
1218 4764 1293 4806 reum
1307 4747 1415 4820 jugulet
1427 4765 1435 4816 ;
1460 4747 1498 4803 its
1510 4753 1537 4802 et
1550 4745 1667 4804 Romani
1681 4745 1757 4802 ellu-

100 4857 151 4916 per
170 4841 285 4897 tertium
300 4841 428 4915 angelum
442 4841 661 4900 tubacanentam
695 4841 843 4916 propbetas
857 4841 906 4898 di-

100 4940 199 4996 ximus
213 4938 474 5015 iuissedesignulos.
490 4939 542 4997 Sed
558 4938 597 4996 ibi
613 4938 696 4994 tertia
721 4955 784 5011 pars
814 4937 904 4994 flumi-

101 5046 170 5086 num
189 5027 347 5104 (illutque
370 5029 490 5086 fontium
506 5043 585 5085 uersa
613 5041 671 5085 esse
687 5025 788 5099 legitur
812 5025 840 5082 in
860 5025 905 5082 ab·

139 5231 200 5304 (tl)
217 5230 306 5298 Edit,
322 5249 350 5288 eo
364 5231 435 5304 guod
448 5229 518 5303 ipsu,
531 5229 560 5286 id
574 5235 623 5295 est,
639 5225 760 5285 diabolus
783 5227 816 5282 sil
843 5243 904 5284 auc·

101 5309 163 5369 tor,·
179 5319 258 5366 mss„
274 5321 302 5360 eu
317 5303 387 5375 guod
403 5303 457 5376 ipse
471 5302 507 5358 sit
517 5308 622 5358 cucur.

139 5373 201 5445 (42)
212 5375 315 5432 Omnes
329 5375 408 5444 edit,
425 5374 476 5432 Sed
490 5373 527 5429 ibi
539 5389 607 5446 pars
632 5369 773 5443 {luminum
788 5389 797 5427 :
814 5387 902 5427 mss...

102 5446 184 5502 lertio
197 5463 264 5518 pars
278 5448 428 5518 flauminum.

139 5515 201 5592 (43)
227 5517 306 5576 Rom.
335 5518 415 5588 edit,
442 5517 564 5588 angelum
603 5532 738 5589 uquarum
762 5513 905 5570 dmentem:

100 5587 197 5645 taetus
209 5607 248 5716 tes,
264 5589 408 5648 Domine...
431 5591 575 5648 Possumus
596 5604 647 5662 per
675 5588 799 5660 nugatum
823 5603 905 5659 aguc-

102 5676 248 5729 rum,ec.

959 4842 1064 4898 sionem
1082 4840 1192 4913 phialae,
1216 4840 1246 4897 in
1267 4855 1320 4914 qua
1344 4838 1385 4896 ira
1404 4837 1455 4895 Ilei
1472 4837 1676 4908 continebatur,
1700 4853 1757 4895 non

959 4930 994 4988 ad
1012 4930 1066 4988 hoc
1086 4934 1266 5002 susceperunt
1284 4935 1315 4984 ut
1335 4926 1386 5000 ipsi
1407 4927 1435 4982 in
1450 4941 1482 4983 ea
1496 4927 1629 4998 perirent,
1652 4925 1700 4984 sed
1723 4924 1756 4982 ad

959 5019 1158 5078 vindicandum
1172 5017 1276 5077 Christi
1291 5017 1452 5092 sanguinem
1470 5015 1498 5072 in
1513 5016 1621 5074 iudaeos
1636 5013 1757 5072 effunde·

996 5223 1055 5297 (44)
1073 5221 1174 5280 Omnes
1189 5218 1269 5289 edin,
1292 5219 1330 5276 Εἰ
1347 5218 1540 5276 audivivocem
1560 5217 1592 5274 de
1604 5213 1689 5297 uiuri
1708 5212 1756 5269 di-

959 5301 1073 5352 cmtem:
1099 5295 1201 5362 Etiam,
1219 5291 1347 5349 Domine:
1373 5307 1468 5348 omnes
1492 5305 1558 5346 mss.
1586 5294 1617 5346 ut
1640 5301 1668 5341 rn
1692 5301 1755 5342 con·

958 5375 1056 5511 taliub]
1076 5439 1118 5496 lta
1131 5453 1217 5506 mss.;
1241 5435 1309 5494 edit.
1333 5442 1423 5492 autern
1444 5431 1509 5490 Gill.
1531 5407 1580 5514 pro
1602 5431 1702 5506 afflare
1726 5431 1756 5488 in

960 5510 1082 5584 margine
1097 5509 1199 5583 posuit,
1214 5509 1338 5583 affligere,
1361 5505 1433 5580 quod
1447 5505 1526 5584 Rom:
1542 5517 1573 5558 ru
1588 5509 1695 5559 textum
1710 5503 1756 5561 ad·

961 5582 1046 5651 misit,
1071 5599 1102 5640 ac
1116 5588 1245 5654 preterea
1264 5586 1363 5647 toturn,
1389 5575 1436 5649 qui
1451 5581 1584 5648 sequntur,
1608 5573 1756 5648 scriptura

960 5653 1127 5712 versiculum
1142 5651 1292 5711 csmcavit.
