4052 6192
128 387 181 444 era
780 357 1023 444 ennunrronus
1039 385 1136 444 oure.
1284 371 1287 377 ’
1724 388 1777 448 sao

164 525 189 580 9.
210 520 309 578 Nullus
328 520 389 577 sine
412 522 517 594 peccati
533 521 657 594 periculo
672 529 793 579 terrenas
810 539 852 580 res
867 522 925 597 (31)
942 527 968 586 Α
1019 523 1061 580 lO.
1082 522 1219 581 Omnibus
1230 523 1344 605 tribue:
1369 539 1425 582 non
1439 524 1524 598 eligas
1538 525 1583 582 cni
1603 525 1776 596 miserearis;

126 609 320 670 administrat:
338 608 418 666 valde
432 626 525 666 rarum
540 619 591 680 est,
607 611 698 685 utqui
713 609 826 668 divitias
841 612 925 684 possi·
980 627 1015 668 ne
1030 612 1101 670 forte
1115 621 1258 684 praetereas
1274 613 1354 670 illurn
1367 613 1426 686 (35)
1438 614 1486 688 qui
1502 620 1622 670 meretur
1636 613 1776 686 accipere:

126 700 173 757 det
187 698 221 755 ad
235 698 358 771 requiem
369 697 474 755 tendat.
491 699 568 756 Unde
583 699 715 772 scripturn
730 709 788 756 est:
812 701 925 756 «Amen
981 699 1115 757 incertum
1133 710 1174 758 est
1186 702 1260 758 enirn
1276 719 1325 774 pro
1340 720 1394 776 quo
1412 702 1517 774 placeas
1532 701 1619 773 magis
1634 704 1701 758 Deo.
1716 704 1778 760 Non

126 789 190 846 dico
213 787 294 844 vobis
310 786 384 861 quod
404 787 483 844 dives
497 788 610 846 difficile
632 789 746 846 intrabit
764 789 795 845 in
811 805 924 862 regnum
979 792 1087 848 auferas
1103 792 1152 848 uni
1174 792 1248 850 unde
1268 792 1375 848 tribuas
1394 793 1493 860 elteri;
1520 809 1554 849 ne
1577 794 1668 850 alieno
1687 796 1777 867 spolio

123 878 258 935 ooelorum
281 876 388 948 (llatlb.
406 894 467 943 xrx,
482 877 567 950 23)·
598 878 651 946 Qui
669 879 744 936 curis
765 881 881 937 terrenis
896 896 924 937 se
979 881 1184 939 misericordem
1212 892 1238 940 te
1264 871 1421 940 ostendas':
1445 883 1610 940 condemnat
1633 882 1774 941 miseratio

122 963 260 1038 implicat,
278 981 294 1022 a
313 963 434 1021 Domino
452 982 482 1022 se
506 974 613 1038 separat
638 967 708 1040 (32).
733 968 819 1024 Nemo
834 975 924 1041 potest
979 966 1041 1036 ista,
1055 985 1113 1024 non
1127 969 1246 1040 prolicit.
1702 1027 1704 1030 .

121 1054 253 1127 amplecti
272 1053 323 1110 Dei
343 1055 458 1126 gratiam
482 1056 566 1112 simul
582 1065 610 1114 et
623 1057 727 1114 saeculi.
749 1057 868 1116 Difficile
883 1065 924 1116 est
1015 1065 1057 1120 ll.
1079 1052 1186 1122 lio‘num
1213 1067 1286 1141 quod
1311 1067 1389 1133 iacis,
1419 1066 1626 1136 misericordia,
1655 1083 1711 1124 non
1735 1066 1776 1140 ja·

120 1143 281 1201 celestibus
289 1151 316 1199 et
323 1144 924 1206 terreniscurissimulinsistere.Difficileest
978 1155 1088 1212 etantiae
1102 1171 1183 1212 causa
1199 1156 1302 1218 lacius:
1328 1157 1351 1213 si
1366 1157 1439 1214 enirn
1454 1157 1500 1214 hic
1515 1159 1574 1214 laus
1588 1159 1731 1231 quaritur,
1747 1159 1775 1214 in

119 1236 211 1290 Deum
227 1233 355 1290 simulet
371 1234 505 1291 muudum
528 1234 651 1310 diligere.
677 1236 746 1293 Toto
768 1238 861 1295 animo
875 1237 922 1294 odi
978 1242 1048 1300 cralo
1074 1245 1260 1302 remuneratio
1285 1245 1432 1302 amittitur.
1457 1248 1496 1302 De
1517 1246 1560 1303 his
1581 1247 1685 1303 dicitur
1699 1247 1773 1320 (34):

119 1335 148 1382 el
161 1325 265 1383 damna
280 1325 356 1397 quod
373 1325 466 1399 diligit
479 1328 608 1385 mundus.
625 1329 765 1403 Tanquam
785 1339 921 1398 mortuus,
984 1336 1098 1389 «Amen
1122 1332 1184 1390 dico
1208 1333 1297 1402 vobis,
1327 1343 1488 1407 receperunt
1516 1334 1669 1392 mercedem
1697 1351 1774 1392 suam

118 1431 134 1471 a
149 1414 213 1471 labe
228 1421 256 1470 et
269 1414 368 1471 ellectu
388 1414 468 1471 istius
485 1417 581 1472 mundi
603 1425 630 1475 te
644 1435 739 1491 separa
757 1437 763 1475 :
789 1419 861 1477 sicut
875 1435 923 1504 se·¹
971 1407 1085 1492 ’(Μαιιὴ.
1100 1422 1215 1495 V1‚2)·»
1234 1423 1320 1480 iustis
1333 1423 1361 1479 in
1374 1425 1453 1495 coelo,
1470 1441 1525 1480 non
1540 1425 1570 1481 in
1585 1432 1658 1481 terro
1673 1440 1775 1482 merces
1819 1491 1823 1498 ¹

118 1505 228 1578 pultus,
250 1503 354 1559 nullam
372 1503 473 1560 habeas
488 1521 581 1562 curam
602 1507 635 1563 de
650 1507 703 1564 hoc
716 1509 816 1566 saeculo
832 1527 839 1565 :
857 1517 923 1566 tan·
977 1511 1160 1582 promittitur.

117 1610 205 1667 quam
219 1592 377 1661 defunctus,
393 1593 428 1649 ab
444 1595 520 1650 omni
535 1603 644 1653 terreno
659 1606 685 1654 te
707 1600 786 1672 priva
800 1600 920 1673 negotio
1015 1608 1057 1664 12.
1079 1609 1148 1683 Lege
1171 1611 1244 1684 quod
1266 1611 1440 1684 scripserinr;
1463 1621 1490 1668 et
1504 1611 1568 1669 vide
1590 1628 1624 1669 ne
1648 1612 1721 1685 quod
1737 1613 1773 1669 le-

117 1683 274 1783 Contemne
290 1681 385 1738 vivens
402 1697 463 1757 quae
475 1692 538 1756 post
559 1693 676 1743 mortem
691 1685 791 1744 habere
806 1704 862 1745 non
877 1705 923 1763 po·
978 1697 1066 1770 gendo
1081 1699 1200 1768 miraris,
1216 1700 1337 1757 vivendo
1351 1709 1522 1758 contemnas.
1536 1702 1615 1771 Vale,
1629 1710 1655 1759 et
1668 1717 1719 1758 nos
1733 1701 1774 1759 di·

117 1779 199 1828 teris.
978 1787 1042 1859 lige,
1060 1789 1125 1861 quia
1139 1796 1167 1846 te
1181 1796 1213 1845 ut
1229 1789 1318 1845 lilium
1336 1805 1387 1846 nos
1399 1790 1551 1863 diligimus.

151 1939 217 2010 (31)
233 1941 333 2013 Regius
347 1940 445 2010 codex,
460 1940 515 1996 sine
527 1947 631 2012 peccato
650 1948 768 1998 terrenos
782 1959 834 2010 res,
849 1950 902 1999 etc.
937 1883 1096 2006 Bldatthasi
1121 1951 1182 2008 loco
1201 1951 1231 2008 in
1255 1954 1320 2024 lleg.
1343 1951 1405 2010 cod.
1427 1951 1642 2011 desiderentur:
1667 1954 1696 2010 in
1719 1969 1774 2027 quo

152 2013 218 2082 (32)
235 2012 315 2069 Rom.
332 2013 411 2095 edit,
428 2013 461 2070 cb
474 2029 503 2068 eo
518 2018 542 2093 te
554 2013 754 2095 separablinus
768 2013 920 2070 commode.
976 2020 1059 2076 etiam
1084 2032 1145 2094 post
1167 2023 1282 2078 verbum
1304 2025 1473 2095 promittitur
1493 2042 1507 2081 e
1529 2025 1609 2082 istola
1628 2024 1730 2082 desinit
1745 2025 1774 2081 in

153 2083 219 2155 (33)
236 2084 337 2140 Eadem
362 2083 428 2140 edit.
453 2083 579 2142 Omnibus
603 2085 729 2141 latrabac
732 2127 785 2140 .....
808 2083 923 2155 neforto
976 2089 1051 2147 hunc
1066 2092 1202 2150 modum:
1233 2095 1296 2150 Vide
1309 2095 1430 2165 quisquis
1448 2097 1494 2150 boc
1510 2043 1584 2166 apis,
1608 2097 1724 2167 nequod
1740 2094 1774 2152 lr-

5 2177 8 2238 ζ
113 2153 356 2238 praetermittam,
373 2163 425 2238 etc.
852 2225 858 2236 ι
974 2163 1056 2234 gendo
1070 2164 1188 2236 respicis,
1212 2165 1323 2221 virendo
1336 2173 1494 2224 conterritos.
1511 2167 1583 2222 Laus
1598 2167 1662 2223 Deo.
1678 2167 1772 2225 Aaron.

5 2243 8 2274 ι
155 2226 222 2298 (34)
242 2227 282 2282 lle
303 2228 343 2282 bes
365 2227 484 2296 decatum
514 2226 573 2283 haec
599 2226 682 2283 verba
708 2243 771 2284 cum
799 2226 922 2299 subjecto

813 2511 1079 2590 MONlTUhl.
1151 2517 1153 2524 ’

6 2929 7 2950 2
146 2877 306 2948 Sequentes
319 2873 381 2932 duae
396 2875 566 2949 precationes
581 2875 609 2932 iu
624 2874 754 2933 omnibus
769 2874 878 2949 quidem
890 2873 1083 2931 Ambrosianis
1096 2870 1269 2928 editionibus
1280 2870 1498 2943 reperiebantur:
1509 2869 1557 2926 sed
1566 2870 1770 2942 scriptaearum

5 2989 13 3024 ᾳ
110 2965 289 3036 exemplaria
303 2981 351 3038 per
372 2981 454 3038 quarn
475 2982 536 3022 rara
550 2975 625 3035 sunt,
644 2973 672 3022 et
686 2965 803 3022 inventu
819 2963 954 3022 difficilia.
976 2961 1060 3020 Nobis
1075 2961 1209 3034 proiecto,
1238 2960 1336 3016 iorulis
1355 2959 1524 3017 nobiliorum
1540 2960 1770 3018 bibliothecarum

7 3079 8 3082 ¹
108 3072 166 3112 non
187 3053 367 3127 indiligenter
387 3055 572 3128 perlustratis,
596 3055 814 3127 manuscriptum
837 3055 937 3127 prioris
958 3051 1091 3109 orationis
1116 3049 1241 3118 nullum,
1263 3047 1423 3121 posterioris
1447 3065 1512 3105 vero
1535 3057 1642 3105 tantum
1658 3050 1771 3106 unicum

107 3143 243 3214 detegere
257 3141 346 3199 licuit.
363 3142 441 3209 Quod
465 3150 656 3216 argumentum
672 3150 712 3199 est
725 3143 799 3199 baud
813 3142 950 3200 mediocre
965 3141 1029 3197 illos
1043 3157 1059 3197 a
1073 3137 1179 3212 quibus
1196 3136 1431 3194 inter'Ambrosii
1453 3138 1542 3210 Opera
1557 3138 1676 3210 primurn
1691 3137 1773 3194 editas

5 3269 8 3274 ,
107 3240 194 3298 sunt,
210 3247 267 3287 uon
282 3231 466 3304 frequentium
480 3231 678 3305 exemplarium
691 3231 916 3289 auctoritateniti
932 3229 1062 3304 potuisse.
1077 3229 1138 3286 Nou
1153 3227 1258 3283 mirum
1273 3227 1358 3300 igitur
1374 3226 1396 3282 si
1408 3243 1424 3282 a
1432 3225 1575 3299 judicibus
1587 3226 1774 3300 sagacioribus

6 3377 7 3380 ,
106 3329 233 3395 utraque
245 3331 341 3394 partus
354 3321 503 3378 adulterini
519 3322 580 3379 loco
594 3321 689 3378 habita
703 3321 806 3390 luerit;
821 3323 930 3380 etiamsi
944 3320 1015 3379 enim
1033 3319 1121 3392 prima
1135 3335 1192 3375 nou
1202 3319 1297 3390 paucis
1311 3320 1434 3375 Doctore
1449 3325 1544 3375 nostro
1557 3319 1616 3375 visa
1628 3319 1665 3374 sit
1678 3317 1771 3391 digua,

105 3417 208 3466 tamen
225 3410 358 3466 attentius
383 3409 569 3467 consideranti
593 3417 620 3466 et
640 3409 699 3483 ejus
713 3412 803 3484 stylus
818 3411 852 3468 ab
874 3409 1057 3467 Ambrosiano
1073 3410 1186 3481 paulum
1209 3409 1350 3477 diversus,
1372 3417 1399 3464 et
1413 3408 1442 3463 in
1456 3424 1488 3464 ea
1506 3408 1583 3466 citati
1608 3424 1643 3463 ex
1657 3407 1773 3482 antiquo

5 3541 8 3566 7
107 3500 219 3556 tudere
233 3498 286 3555 loci
301 3499 430 3556 nonnulli
445 3515 508 3556 cum
523 3499 599 3556 LXX
613 3501 739 3558 versione
751 3517 807 3557 non
818 3515 968 3573 congruere
979 3498 1232 3572 deprehenduntur.
1254 3496 1333 3565 Quod
1345 3513 1411 3553 vero
1423 3498 1524 3555 attinet
1538 3497 1572 3554 ad
1581 3499 1771 3571 posteriorem,

10 3628 18 3666 .·
108 3589 136 3646 in
151 3605 192 3645 ea
206 3587 355 3660 rejicienda
370 3589 461 3645 minor
474 3595 516 3645 est
529 3587 696 3658 difficultas;
722 3589 823 3663 quippe
837 3607 908 3663 quae,
925 3590 989 3645 licet
1003 3603 1058 3643 non
1074 3587 1231 3660 inelegans,
1253 3585 1443 3644 Ambrosianae
1459 3587 1601 3658 gravitatis
1621 3587 1671 3642 vix
1686 3585 1773 3660 quid-

5 3685 8 3734 ’,
107 3695 198 3753 quam
215 3693 270 3750 praa
285 3694 313 3734 se
325 3679 404 3735 ierat.
416 3679 483 3734 Earn
499 3685 591 3735 autem
601 3677 635 3734 ad
644 3677 767 3736 codicem
778 3680 980 3736 Floriaoensem
992 3695 1129 3736 annorum
1145 3677 1259 3736 circiter
1270 3679 1321 3736 lOO
1334 3686 1469 3746 exactam,
1481 3679 1569 3734 multo
1579 3693 1661 3750 qnam
1672 3680 1771 3750 luerat,

107 3767 333 3826 emendatiorem
348 3768 522 3826 exhibemus.
538 3767 673 3828 Caeterum
685 3770 765 3827 nobis
778 3771 847 3826 mini
853 3786 893 3826 :ne
908 3771 1005 3845 placet,
1023 3768 1096 3843 quod
1111 3768 1285 3842 Theophilus
1299 3769 1458 3827 Reinaudus
1473 3777 1618 3842 utramque
1629 3774 1773 3841 eapropter

107 3855 314 3914 llediolaneusi
338 3857 466 3931 episcopo
480 3857 626 3930 ascriptam
641 3865 730 3930 putat,
753 3859 818 3931 quia
834 3859 1004 3916 characteres
1026 3858 1053 3914 S.
1070 3859 1104 3913 Α.
1120 3857 1223 3914 eisdem
1238 3857 1412 3914 orationibus
1426 3859 1458 3912 in
1474 3856 1664 3928 manuscripto
1678 3855 1772 3929 aliquo

8 4006 13 4024 ,
108 3955 285 4021 prenotatos
299 3945 333 4003 de
346 3954 441 4005 sancto
455 3945 604 4002 Ambrosio
625 3947 762 4020 quispiam
783 3947 978 4020 interpretatus
1000 3948 1047 4017 sit,
1071 3963 1134 4004 cum
1150 3963 1199 4020 per
1215 3948 1280 4004 illos
1293 3955 1405 4004 sanctus
1427 3946 1576 4002 Auselnsus
1591 3943 1770 4001 indicaretur·

108 4039 268 4094 Enimvero
283 4037 378 4094 utalia
391 4036 568 4110 quadrarent,
583 4036 701 4093 nimium
716 4037 799 4094 unius
813 4037 884 4094 ratio
897 4036 1013 4096 dissidet
1026 4036 1061 4094 ab
1075 4036 1171 4106 altera,
1186 4052 1269 4110 quam
1286 4043 1317 4094 ut
1331 4035 1474 4092 ambarum
1490 4033 1618 4091 eumdem
1631 4039 1771 4090 auctorem

109 4125 388 4185 luisscarbitremur.

1333 4272 1760 4290 Μ

509 4417 1100 4568 tanciturnus
1172 4417 1365 4566 DUAE

318 4679 683 4769 HACTENUS
725 4676 1079 4767 AMBROSIO
1124 4670 1557 4760 ATTRIBUTAE.

353 5001 531 5062 PRECATIO
547 4999 668 5062 sumn.
934 4995 1091 5061 cmoriam
1114 4993 1221 5052 iacietis
1244 4993 1277 5065 (1
1291 4993 1355 5051 Gor.
1374 5007 1416 5062 ιι,
1435 4991 1503 5066 ld);
1530 5009 1597 5067 rogo
1614 5007 1663 5066 per
1690 4998 1769 5048 tuum

298 5090 332 5148 la
347 5089 546 5162 preparatione
562 5089 600 5145 od
617 5088 737 5148 Missam.
970 5083 1130 5158 sauguinem
1145 5083 1307 5156 pretiosum,
1324 5097 1453 5154 magnum
1475 5081 1572 5138 salutis
1587 5089 1688 5138 nostrae
1708 5093 1767 5152 pre·

148 5183 177 5240 l.
197 5180 312 5238 Summe
326 5177 452 5237 sacerdos
466 5186 493 5236 et
507 5193 571 5235 vere
585 5177 711 5251 pontifex
721 5178 785 5235 lesu
796 5175 915 5248 Christe,
969 5176 1041 5233 tium
1057 5192 1063 5232 ε
1085 5189 1151 5247 rogo
1164 5171 1294 5246 perhanc
1308 5171 1407 5228 miram
1419 5179 1446 5228 et
1459 5170 1628 5228 ineffabilem
1642 5167 1769 5226 charita-

11 5315 13 5318 .
106 5271 162 5348 qui
185 5278 214 5327 te
228 5269 356 5327 obtulisti
378 5271 435 5326 Deo
458 5267 532 5326 Patri
554 5268 584 5325 in
609 5285 656 5326 ara
682 5269 773 5327 crucis
796 5267 915 5326 bostiam
970 5274 1036 5337 mm,
1058 5283 1112 5340 qua
1127 5281 1178 5323 nos
1192 5264 1307 5322 miseros
1321 5273 1348 5322 et
1362 5264 1491 5338 indignos
1508 5264 1548 5321 sic
1561 5276 1652 5319 amare
1665 5259 1767 5330 digua-

15 5379 18 5388 ‘
107 5377 214 5434 puram
236 5365 264 5416 et
278 5358 483 5416 immaculatam
503 5373 554 5430 pro
576 5357 657 5416 nobis
671 5358 779 5416 miseris
793 5363 915 5430 peccato-
970 5363 1015 5413 tus
1032 5371 1073 5426 es,
1100 5363 1132 5413 ut
1152 5354 1258 5413 lavares
1281 5370 1332 5412 nos
1354 5371 1371 5411 a
1393 5350 1634 5428 peccatisnostris
1654 5347 1684 5404 in
1705 5359 1767 5402 san·

108 5450 204 5516 ribub
230 5454 259 5504 0⁸
280 5447 328 5522 (1¹1i
349 5445 452 5504 dedisti
473 5445 555 5504 11⁰bi⁸
568 5463 678 5506 carnem
693 5454 769 5504 luam
785 5446 819 5504 ad
833 5462 916 5504 man·
970 5454 1053 5527 guine
1065 5447 1132 5523 tu03
1150 5453 1218 5510 doce
1232 5469 1275 5510 me
1289 5469 1400 5511 servum
1413 5461 1492 5510 tuum
1508 5447 1663 5519 indignum,
1684 5457 1765 5514 quem

107 5537 287 5608 ducendum,
313 5546 341 5594 et
368 5537 531 5612 sauguinem
557 5545 633 5596 tuam
649 5537 860 5607 adhibendum,
889 5544 917 5594 et
969 5542 1240 5602 intercaeteradona
1258 5552 1307 5600 tua
1326 5542 1360 5598 ad
1385 5540 1505 5599 odicium
1530 5531 1697 5592 sacerdotale
1711 5545 1768 5588 vc-

109 5625 235 5700 posuisti
255 5627 419 5699 mysterium
436 5626 465 5684 in
483 5627 588 5684 virtute
609 5627 728 5700 Spiritus
750 5628 850 5697 macti,
866 5627 915 5686 di·
969 5648 1030 5690 care
1044 5630 1173 5706 dignatus
1196 5631 1322 5689 esnullis
1336 5628 1405 5684 meis
1420 5622 1536 5690 meritis,
1566 5621 1613 5678 sed
1629 5619 1767 5694 soladig-

6 5763 7 5768 1
109 5734 207 5776 cens:
230 5719 320 5778 ullae
333 5718 561 5795 quotiescumque
581 5717 712 5790 feceritis,
740 5718 769 5776 iu
784 5719 839 5780 mei
859 5737 916 5782 me·
969 5719 1081 5782 natione
1104 5719 1300 5782 misericordias
1327 5725 1400 5778 tua:
1430 5715 1497 5774 dota
1517 5727 1572 5788 mc,
1596 5725 1699 5788 quaeso,
1719 5727 1769 5792 per
