4094 6182
245 365 248 376 =
263 331 315 398 2111

776 336 824 393 ΑΙ)
844 331 964 392 deuna
980 331 1009 390 S.
1029 331 1406 393 100000001000001.

1865 334 1919 392 aad

266 463 448 540 Apocalypsis
465 459 579 521 Joonnis
588 459 683 538 (Aper.
697 477 746 530 xx,
763 459 819 532 ta),
835 459 909 516 sicut
918 465 944 514 et
958 459 1067 524 10163
1081 458 1156 529 Asi,
1177 459 1250 518 sicut
1263 458 1353 517 Filios
1375 457 1493 517 Patriae
1511 457 1648 533 subjectu
1671 459 1856 534 incongruum
1878 472 1919 522 est

265 567 356 639 primo
370 565 491 622 adventu
506 581 570 622 cum
585 561 749 628 resurrexit,
764 559 852 615 multa
866 573 980 632 corpora
1001 574 1059 614 san-

265 665 371 717 ctorum
398 662 610 712 resurrexerunt
625 652 733 725 (Mutth.
758 666 848 718 xxvrr,
872 648 932 722 52),
949 647 984 704 ad
998 662 1061 720 pro·

266 757 437 806 testationem
454 747 534 804 victa
549 743 692 800 mortisue
706 742 839 814 spoliatae.
856 739 913 797 Sub
928 755 984 796 una
998 754 1061 812 ergo

264 838 466 914 significatione
480 834 619 908 duplicem
632 833 781 891 adventum
797 829 910 889 Domini
936 845 1061 903 compre-

264 928 372 987 hendit.

301 1020 391 1092 (Vera.
408 1015 452 1084 at,
468 1015 513 1084 25,
527 1014 585 1089 26.)
607 1011 738 1069 «Deinde
748 1009 822 1079 finis,
837 1027 901 1067 cum
916 1009 1062 1067 tradiderit

263 1125 376 1182 reguum
392 1109 450 1163 Deo
469 1113 496 1162 et
514 1104 599 1172 Patri,
614 1118 676 1159 cum
692 1100 848 1158 destituerit
863 1116 972 1156 omnem
988 1101 1061 1173 prin·

262 1201 384 1272 cipetum
399 1203 426 1252 et
440 1210 550 1251 ornnem
565 1197 778 1264 protestaremur
792 1205 902 1246 omnem
916 1190 1060 1258 virtutem,

262 1297 290 1346 et
303 1301 412 1344 omnem
430 1281 659 1340 dominationem.
675 1280 790 1353 Oportet
810 1280 884 1336 enim
907 1278 988 1336 illum
1015 1295 1063 1336 ra-

263 1393 356 1452 gnare,
372 1373 461 1432 donec
485 1381 570 1447 ponat
593 1386 690 1427 omnes
713 1369 843 1426 inimicos
870 1368 921 1425 sub
946 1367 1063 1441 pedibus

262 1467 339 1540 ejus;
356 1463 449 1520 omnia
464 1462 538 1518 enim
557 1459 677 1532 subjecit
691 1459 742 1516 sub
756 1457 872 1532 pedibus
887 1456 955 1531 ejus.
968 1457 1064 1514 Nonis·

262 1557 331 1616 sime
345 1561 435 1610 autern
453 1551 568 1609 inimica
594 1549 753 1606 destruetur
781 1564 891 1604 mors·
912 1547 969 1604 Hoc
984 1545 1061 1617 dicit,

230 1627 234 1638 ¹
263 1645 327 1719 quia
343 1643 446 1701 trodito
460 1657 544 1714 regno
559 1639 624 1695 finis
639 1638 695 1695 orit
715 1635 824 1705 mundi,
839 1637 1064 1709 1001010000οτ-

262 1734 395 1793 rectione.
419 1730 499 1800 Quod
513 1728 624 1803 quidam
647 1727 737 1784 territi
757 1726 902 1798 asperitate
917 1724 1062 1796 sermonis,

1116 551 1190 608 enim
1206 559 1237 608 ut
1248 552 1328 608 Pater
1339 549 1503 624 subjiciatur
1515 549 1597 608 Filio.
1610 549 1715 607 Omnia
1724 566 1789 624 ergo
1799 551 1919 624 subjecit

1116 641 1196 698 Pater
1210 641 1293 708 Filio,
1306 649 1337 698 ut
1353 640 1481 698 similiter
1495 639 1707 710 honorificetur,
1729 640 1801 698 01001
1824 641 1920 700 11000-

1116 729 1241 786 rihcatur
1251 738 1278 787 et
1291 731 1380 787 Pater.
1396 729 1465 790 Cum
1486 747 1549 803 ergo
1565 729 1660 786 omnia
1673 729 1798 788 confessa
1813 730 1920 790 inerint

1117 819 1258 878 Christum
1284 821 1382 887 Deum,
1403 819 1541 876 substrata
1564 818 1681 892 pedibus
1705 817 1774 892 ejus,
1797 827 1864 879 tune
1890 831 1918 880 et

1116 909 1175 982 ipse
1192 907 1318 966 Christus
1331 907 1467 965 Dominus
1482 907 1644 980 subjicietur
1663 911 1720 965 Deo
1740 909 1835 967 Patri:
1859 937 1868 960 .
1883 911 1920 969 Ut

1116 1003 1152 1059 011
1166 1004 1239 1058 Deus
1255 1002 1348 1059 omnia
1360 1001 1390 1059 in
1408 999 1548 1059 omnibns.
1565 1025 1574 1048 ι
1597 999 1655 1056 1100
1668 999 1750 1069 dicit,
1767 1001 1832 1075 quia
1854 1019 1918 1060 curn

1116 1090 1241 1148 omniurn
1255 1090 1424 1164 principium
1440 1097 1466 1146 et
1479 1095 1644 1162 potestatum
1656 1092 1683 1144 et
1694 1086 1917 1148 dominationum

1116 1179 1201 1237 fuerit
1229 1195 1321 1253 pressa
1343 1178 1482 1252 superbia,
1512 1182 1539 1235 et
1565 1177 1743 1236 adoraverint
1774 1179 1917 1237 Christum

1117 1268 1195 1344 quasi
1207 1269 1306 1338 Denm,
1322 1276 1390 1326 tunc
1408 1275 1435 1325 et
1460 1267 1587 1327 Christus
1606 1273 1718 1340 propter
1733 1268 1843 1326 unicam
1863 1285 1919 1326 au-

1117 1360 1272 1418 ctoritatem
1288 1359 1378 1416 Patris
1393 1356 1464 1430 (50),
1480 1358 1569 1414 Deum
1593 1356 1705 1431 quidem
1729 1373 1757 1414 00
1780 1359 1918 1429 ostendet,

1115 1449 1281 1518 seddeDe03
1297 1456 1329 1505 ut
1338 1447 1422 1506 unius
1437 1446 1567 1520 principii
1581 1446 1711 1504 sublimis
1726 1454 1754 1506 et
1769 1447 1918 1508 ineffabilis

1118 1538 1266 1596 auctoritas
1281 1537 1466 1594 maneatiioc
1479 1543 1521 1592 est
1533 1535 1669 1609 subjicere
1678 1553 1706 1594 se
1716 1538 1819 1596 Filium
1830 1539 1916 1612 Patri,

1118 1631 1172 1688 hoc
1185 1638 1236 1699 est,
1258 1630 1348 1687 Deum
1371 1644 1428 1685 esse
1450 1628 1544 1685 omnia
1564 1626 1594 1682 in
1614 1626 1754 1698 omuibus,
1774 1629 1838 1703 qnia
1852 1649 1917 1689 cum

1118 1723 1200 1781 discit
1228 1722 1318 1779 omnis
1346 1729 1470 1779 creatura
1492 1729 1574 1793 caput
1596 1735 1677 1778 suum
1692 1735 1749 1778 0000
1763 1721 1916 1793 Christum,

262 1829 327 1886 dum
342 1822 420 1898 quasi
435 1821 479 1894 pis
499 1821 598 1876 volunt
613 1817 727 1887 sentire,
742 1833 758 1872 a
779 1815 946 1890 proprietate
970 1816 1102 1878 00000οΒ
1118 1812 1221 1871 Christi
1236 1821 1327 1870 autem
1352 1818 1434 1884 capnt
1459 1812 1548 1868 Deum
1563 1810 1682 1882 Patrem,
1699 1810 1791 1867 omnia
1804 1811 1834 1868 in
1848 1829 1918 1870 om-

262 1915 412 1972 deciinant.
429 1911 549 1967 Horrent
567 1906 641 1965 enim
669 1923 767 1964 sonum
792 1905 870 1962 verbi
893 1905 1056 1962 audientes:

269 2029 278 2051 ι
295 2003 365 2061 Cum
380 1998 527 2059 tradiderit
546 2013 660 2071 regnum
674 1996 732 2053 Deo
746 2003 773 2052 et
787 1995 878 2065 Patri;
903 2020 912 2046 ι
933 2002 1060 2068 putantes

261 2090 411 2149 traditione
427 2089 480 2146 hac
494 2087 582 2160 regni,
598 2085 619 2143 si
633 2084 715 2158 juxta
729 2101 828 2142 sonum
850 2083 929 2140 verbi
949 2083 1059 2140 intelli-

262 2189 351 2255 gatur,
366 2195 485 2237 uacuum
499 2192 640 2234 remanere
651 2173 728 2249 (18);
745 2181 776 2230 01
789 2173 811 2230 01
824 2174 919 2240 tradit,
931 2171 989 2247 jam
1002 2173 1060 2246 ipse

263 2291 320 2331 nou
340 2272 438 2330 habeat
456 2286 462 2325 :
479 2269 557 2344 quasi
570 2269 651 2326 Pater
665 2265 777 2324 tradens
795 2265 889 2324 omnia
902 2265 987 2336 Filio,
999 2281 1059 2321 ero·

261 2362 387 2422 cuauerit
410 2377 448 2418 00.
468 2349 535 2418 Nam
556 2365 583 2415 et
602 2356 660 2430 ipse
683 2355 820 2413 Dominus
843 2354 905 2411 ait:
929 2378 938 2404 ι
961 2354 1061 2412 Omnia

262 2452 332 2510 inihi
345 2449 446 2508 tradita
460 2457 524 2508 suut
539 2466 554 2504 a
567 2447 647 2504 Patro
669 2462 730 2503 meo
753 2446 859 2519 (1101111.
887 2462 928 2513 xr,
952 2445 1019 2516 27);
1044 2469 1053 2494 »

262 2549 289 2598 01
302 2549 417 2614 postea:
441 2540 529 2596 ‹Haec
543 2523 583 2594 001
597 2544 689 2594 autem
705 2534 764 2592 vita
782 2544 893 2605 aeterna,
912 2542 943 2590 ut
962 2551 1060 2607 cogno-

261 2638 339 2687 scant
353 2639 379 2686 te
394 2630 483 2686 scium
496 2643 593 2684 uerum
607 2628 742 2696 Deum‚et
756 2641 836 2699 quem
853 2622 952 2680 irrisisti
967 2624 1059 2679 Jesnm

263 2720 405 2780 Christum
429 2717 520 2800 (1000.
542 2732 612 2785 xvir,
640 2715 679 2787 3).
701 2739 711 2763 ›
733 2715 804 2773 Ecce
828 2720 957 2786 regnante
976 2711 1059 2782 Filio,

263 2815 360 2882 regnat
384 2815 411 2864 et
429 2806 518 2863 Pater.
543 2803 687 2873 Quomodo
702 2811 794 2861 autem
809 2803 920 2860 tradens
945 2817 1058 2876 regnum

260 2899 349 2957 Filius
363 2910 495 2954 evacuare
514 2910 542 2951 00
556 2894 714 2950 crederetur
729 2895 799 2966 (19),
815 2909 878 2951 curn
892 2893 966 2951 dicat
979 2909 1059 2964 ange·

259 2989 303 3044 lus
320 2986 354 3043 ad
368 2984 482 3040 Mariam
500 3001 506 3040 :
528 2982 589 3039 «Et
602 2981 679 3039 dabit
703 2982 745 3038 iiii
767 2984 903 3039 Dominus
926 2984 1000 3040 Deus
1014 2999 1061 3039 se-

262 3075 324 3134 dem
340 3074 430 3133 Dauid
442 3073 527 3147 patris
543 3071 596 3142 sui,
612 3080 639 3128 et
658 3073 783 3144 regnabit
794 3073 824 3129 in
839 3073 921 3130 domo
932 3071 1015 3130 Jacob
1030 3071 1060 3128 in

1115 1905 1197 1962 nibus
1211 1912 1252 1961 est
1266 1906 1339 1961 Deus
1364 1901 1455 1972 Pater,
1479 1901 1533 1958 hoc
1551 1910 1601 1970 est,
1624 1912 1655 1960 nt
1678 1903 1768 1959 omnis
1791 1911 1918 1962 creatura

1116 2011 1201 2052 unum
1217 1992 1328 2063 sentiat,
1348 2000 1379 2050 ut
1393 2008 1449 2050 una
1468 2007 1535 2049 voce
1549 1992 1639 2048 omnis
1654 1991 1748 2064 lingua
1762 1994 1915 2050 coetestinm

1116 2092 1143 2142 et
1156 2083 1325 2142 terrestrium
1342 2090 1369 2139 et
1385 2081 1559 2139 infernorum
1574 2080 1739 2138 confiteatur
1753 2097 1839 2139 unum
1858 2098 1916 2140 esse

1115 2174 1202 2231 Deum
1220 2171 1352 2244 (Philipp.
1367 2188 1398 2240 11,
1416 2171 1460 2240 tc,
1478 2171 1534 2244 11),
1550 2186 1585 2226 ex
1602 2186 1657 2244 (pro
1681 2178 1746 2228 sunt
1768 2169 1869 2228 omnia.
1886 2171 1916 2229 Si

1116 2273 1207 2321 autem
1221 2262 1338 2320 dixisset
1354 2278 1360 2315 ε
1386 2282 1396 2307 ι
1415 2259 1451 2316 Ut
1464 2259 1501 2316 sit
1514 2261 1588 2316 Dens
1603 2258 1632 2315 in
1647 2259 1788 2330 omnibns,
1804 2287 1813 2310 ι
1833 2260 1915 2319 intel·

1117 2355 1246 2427 ligaretur
1263 2352 1292 2409 in
1302 2349 1432 2409 omnibus
1441 2347 1553 2424 quidem
1568 2365 1636 2418 esse,
1651 2349 1698 2408 sed
1712 2365 1761 2423 per
1774 2349 1915 2418 affectum,

1116 2451 1163 2501 ant
1177 2457 1353 2502 communem
1372 2455 1496 2508 sensum,
1509 2455 1566 2496 nou
1580 2447 1674 2496 tamen
1688 2455 1720 2497 ea
1734 2441 1792 2514 ipsa
1805 2458 1840 2497 ex
1854 2441 1915 2514 ipso

1116 2553 1183 2595 esse.
1199 2535 1251 2594 Sed
1266 2549 1329 2593 cum
1344 2533 1417 2590 dixit
1433 2551 1439 2591 :
1463 2555 1473 2581 ι
1497 2532 1598 2590 Omnia
1611 2533 1641 2588 in
1657 2531 1786 2590 omnibus
1803 2549 1808 2588 :
1829 2555 1839 2580 ι
1861 2532 1915 2590 boo

1116 2625 1291 2700 significavit,
1308 2623 1373 2698 quia
1387 2630 1414 2680 et
1428 2639 1463 2680 ex
1477 2621 1536 2696 ipso
1552 2629 1625 2691 sunt,
1642 2630 1669 2679 01
1683 2621 1713 2678 in
1729 2621 1795 2695 ipsis
1810 2629 1866 2678 est:
1879 2637 1916 2679 ex

1116 2718 1185 2790 ipsc,
1198 2715 1263 2789 quia
1276 2715 1310 2771 ab
1325 2713 1385 2788 ipso
1398 2721 1490 2771 creata
1503 2720 1586 2770 sunt:
1606 2713 1635 2769 in
1650 2711 1717 2787 ipsis
1731 2719 1833 2781 autem,
1849 2711 1916 2785 quia

1115 2807 1145 2864 in
1160 2807 1286 2864 omnium
1302 2805 1475 2864 confessione
1492 2821 1565 2862 unus
1588 2812 1628 2862 est
1646 2804 1729 2861 Deus.
1745 2804 1806 2860 Nou
1820 2808 1914 2858 tamen

1116 2899 1156 2956 sic
1170 2896 1317 2970 subjicitur
1330 2895 1418 2954 Filius
1436 2896 1520 2966 Patri,
1533 2896 1604 2953 01001
1619 2895 1690 2951 Filio
1704 2900 1839 2950 creatura.

1153 2987 1244 3060 (Vera.
1254 2986 1312 3059 29.)
1322 3011 1331 3035 ι
1341 2985 1473 3060 Alioquin
1484 2983 1550 3059 qnid
1559 2983 1669 3051 facient,
1681 2982 1916 3055 quibaptizantur

1115 3095 1165 3152 pro
1179 3078 1307 3147 mortuis,
1322 3077 1346 3134 si
1365 3077 1479 3134 omnino
1495 3074 1596 3132 mortui
1611 3089 1666 3132 nou
1681 3071 1852 3144 resurgunt?
1878 3072 1915 3129 Ut

259 3170 403 3229 aeternum,
419 3169 446 3217 et
464 3158 541 3232 regni
557 3156 616 3230 eius
639 3174 695 3215 non
717 3159 769 3214 erit
792 3158 857 3216 finis
880 3161 956 3232 (Luc.
976 3175 997 3227 1.
1014 3158 1059 3226 3²,
1075 3180 1097 3243 (ς
1116 3166 1183 3241 quid
1197 3175 1224 3226 et
1238 3165 1412 3240 baptizantur
1427 3183 1476 3239 pro
1489 3164 1593 3222 illisis
1614 3164 1767 3220 intantum
1781 3168 1870 3217 raram
1886 3168 1914 3216 et

259 3252 307 3323 33)
319 3253 333 3310 i
343 3276 352 3299 ι
362 3251 397 3308 Et
410 3249 509 3307 Daniel
525 3249 558 3306 de
570 3248 665 3306 endem
682 3266 765 3323 regno
779 3249 848 3307 dicit
863 3249 935 3307 inter
949 3258 1055 3307 caetero:

266 3368 276 3393 ι
291 3346 364 3402 Deus
378 3342 440 3401 coeli
456 3341 588 3400 excitabit
603 3341 678 3398 atiud
692 3357 817 3414 regnum,
830 3341 904 3416 qnod
916 3358 1056 3415 nunqnam

259 3445 461 3510 corrumpetur,
473 3444 499 3492 et
513 3435 567 3492 hoc
582 3451 696 3508 regnum
712 3433 764 3489 erit
777 3442 909 3492 aeternnm
926 3437 1008 3511 (Dan.
1026 3455 1055 3505 n,

259 3528 317 3600 hd).
334 3553 344 3576 ι
365 3529 451 3586 Nemo
475 3545 538 3600 ergo
562 3526 671 3582 dubitet
684 3525 786 3585 Filium
802 3543 910 3600 semper
923 3536 1057 3600 regnatu-

259 3636 321 3676 rum
339 3635 403 3676 enm
417 3619 506 3674 Patre.
522 3618 645 3675 Traditio
668 3628 759 3676 autem
783 3620 841 3678 1000
867 3623 943 3694 regni
958 3631 1009 3692 est,
1027 3629 1055 3678 ut

260 3724 323 3763 curn
340 3706 433 3762 omnia
448 3705 521 3762 Filio
547 3705 651 3765 fuerint
673 3705 805 3779 subjecta,
831 3715 858 3764 et
882 3707 1057 3767 adoraverint

260 3794 341 3852 illum
358 3801 391 3851 01
402 3796 502 3862 Deum,
518 3793 656 3854 destructa
671 3804 770 3866 morte,
786 3804 852 3853 tunc
865 3797 953 3856 Filius
967 3808 1056 3856 osten·

259 3885 305 3944 det
318 3885 374 3943 illis
389 3901 444 3942 non
459 3901 487 3942 00
502 3901 569 3954 esse,
585 3902 620 3943 ex
634 3903 688 3956 ouo
709 3895 775 3946 sunt
797 3889 901 3960 omnia,
927 3889 974 3948 sed
998 3907 1057 3966 per-

259 3993 341 4050 quem
370 3984 436 4033 0001
450 3975 543 4032 omnia
559 3991 564 4031 :
580 3984 607 4033 et
621 3977 674 4035 hoc
686 3979 739 4036 erit
751 3979 857 4038 tradere
872 3997 984 4055 regnum
1000 3985 1057 4038 Deo

259 4073 287 4123 et
298 4065 384 4136 Patri,
401 4065 543 4136 ostendere
559 4067 649 4140 ipsum
665 4083 732 4139 esse,
747 4085 781 4125 ex
796 4085 850 4142 quo
865 4073 956 4128 omnis
969 4079 1056 4144 pater·

260 4155 333 4213 uitas
347 4155 377 4212 in
391 4155 468 4214 coelis
478 4164 505 4213 et
515 4156 544 4214 in
557 4164 632 4214 terra
643 4157 803 4214 nominatur
812 4158 920 4231 (tiphos.
936 4164 977 4230 ru,
992 4161 1036 4236 15)
1048 4182 1054 4220 ;

262 4249 290 4297 01
305 4244 798 4304 10000111110101100000110101000
811 4246 909 4304 mortis
924 4252 965 4304 est
979 4264 1057 4305 resur

259 4330 344 4387 rectio
358 4341 542 4391 mortuorum.

295 4420 389 4493 (Vera.
402 4419 447 4490 27,
463 4421 522 4494 28.)
546 4448 555 4471 ι
571 4424 639 4484 Cum
653 4435 744 4483 autem
760 4427 834 4486 dicat
850 4443 856 4482 :
871 4427 971 4484 Omnia
985 4429 1056 4486 sub-

1112 3257 1238 3316 stabiiem
1252 3257 1314 3313 vult
1328 3255 1471 3313 0010011000
1483 3255 1714 3311 resurrectionem
1724 3259 1911 3322 mortuorum,

1112 3355 1143 3405 ut
1157 3347 1314 3421 exemplum
1329 3345 1375 3402 det
1389 3360 1494 3413 eornm,
1511 3344 1559 3418 qui
1581 3350 1638 3400 tarn
1661 3341 1751 3400 securi
1774 3349 1853 3398 eraut
1877 3341 1912 3400 de

1111 3440 1205 3495 sutura
1218 3436 1418 3494 resurrectione
1432 3453 1439 3502 ;
1455 3441 1486 3490 ut
1499 3433 1582 3490 etiam
1597 3449 1648 3504 pro
1662 3433 1780 3508 mortuis
1792 3428 1912 3504 baptiza·

1111 3535 1217 3594 rentur,
1232 3525 1255 3581 si
1271 3541 1352 3599 quem
1366 3524 1437 3580 forte
1456 3539 1531 3580 mors
1553 3521 1732 3601 praevenisset
1753 3541 1758 3578 ι
1781 3523 1911 3579 timentes

1111 3633 1145 3674 00
1159 3624 1206 3673 aut
1220 3613 1302 3682 male,
1317 3620 1364 3670 aut
1380 3629 1436 3670 non
1451 3620 1602 3686 resurgeret
1613 3611 1683 3685 (51),
1695 3612 1744 3686 qni
1757 3610 1912 3700 baptisatus

1110 3730 1167 3770 non
1188 3711 1288 3780 iuerat,
1304 3710 1387 3766 vivus
1401 3708 1514 3766 nomine
1528 3707 1632 3766 mortui
1647 3707 1816 3781 tingebatur.
1832 3707 1913 3766 Dnde

1111 3803 1226 3877 subjecit
1237 3820 1263 3860 :c
1277 3802 1313 3860 Ut
1324 3800 1425 3876 quidet
1436 3800 1610 3874 baptizantur
1621 3815 1670 3874 pro
1685 3799 1764 3858 111101
1782 3826 1792 3850 ι
1808 3801 1910 3856 Exem-

1111 3895 1157 3968 plo
1172 3893 1225 3951 hoe
1238 3908 1295 3949 non
1309 3890 1412 3948 iactum
1427 3889 1540 3946 illorum
1554 3888 1662 3964 probat,
1671 3889 1719 3948 sed
1729 3889 1812 3947 haam
1821 3888 1907 3948 fidem

1111 3982 1140 4038 in
1155 3981 1383 4046 resurrectionem
1394 3980 1524 4039 ostendit.

1154 4078 1225 4160 1⁶4
1241 4072 1332 4146 (Vers.
1348 4071 1393 4141 30,
1417 4071 1476 4146 31.)
1498 4096 1507 4120 ‹
1521 4073 1556 4132 Ut
1579 4073 1687 4148 quidet
1702 4089 1751 4131 000
1769 4071 1909 4146 periclita-

1111 4190 1174 4232 mur
1187 4173 1264 4230 omni
1277 4172 1367 4230 hora?
1381 4173 1510 4241 Quotidie
1525 4175 1628 4231 morior
1640 4190 1690 4246 pro
1704 4173 1790 4247 gloria
1805 4181 1909 4246 vestra,

1111 4279 1191 4335 quarn
1209 4261 1296 4320 habeo
1309 4263 1339 4320 in
1357 4262 1513 4320 Domino.»
1535 4262 1682 4321 Dicendo:
1705 4287 1714 4311 ι
1732 4263 1767 4321 111
1790 4263 1858 4337 quid
1881 4275 1909 4322 et

1110 4367 1161 4409 nos
1179 4351 1390 4425 periclitamur?
1415 4377 1425 4402 ι
1448 4352 1580 4411 discrevit
1600 4368 1739 4426 personas,
1759 4353 1908 4410 ostendens

1109 4455 1166 4496 non
1181 4439 1331 4498 catholicos
1341 4457 1409 4511 esse,
1429 4443 1477 4515 qui
1492 4458 1542 4514 pro
1552 4441 1668 4498 mortuis
1681 4442 1906 4516 baptizabantur.

255 4509 406 4610 jactarunt
428 4509 464 4577 ei,
479 4509 616 4612 nimirum·
632 4523 730 4585 praeter
745 4533 819 4586 enm,
834 4517 881 4590 qni
895 4517 1013 4591 subjecit
1029 4521 1053 4577 ei
1073 4543 1096 4601 D
1111 4528 1235 4603 Denique
1249 4545 1332 4604 supra
1350 4528 1424 4586 dixit
1439 4547 1445 4585 :
1465 4529 1523 4585 «Ut
1537 4529 1604 4602 quid
1618 4539 1645 4586 et
1665 4530 1838 4604 baptizantur
1856 4549 1908 4605 pro

257 4599 439 4700 010010.Οοιο
455 4607 546 4656 autem
557 4601 679 4674 subjecta
694 4603 736 4659 illi
752 4604 855 4662 inerint
869 4607 971 4679 omnia,
987 4617 1054 4666 1000
1109 4618 1189 4678 inis?
1216 4618 1357 4693 Numquid
1372 4625 1399 4674 et
1411 4618 1583 4691 baptizamur
1596 4635 1645 4692 pro
1665 4620 1769 4680 illisi.
1788 4623 1855 4679 Nam
1879 4631 1907 4679 er

257 4693 284 4788 01
302 4703 360 4760 ipse
374 4689 467 4790 Filius·
477 4687 639 4790 subjicietur
653 4691 707 4762 1111,
723 4693 771 4767 qni
785 4695 902 4769 sanecit
917 4699 1054 4770 omnia,ut
1107 4713 1214 4787 sephra,
1230 4711 1357 4785 quamuis
1368 4711 1398 4768 iu
1412 4727 1452 4780 re,
1466 4727 1526 4785 quae
1541 4720 1651 4784 accepta
1664 4710 1724 4770 fieri
1743 4729 1799 4770 non
1814 4721 1907 4786 posset

256 4783 292 4834 sit
305 4778 379 4835 Deus
392 4793 485 4877 ornnra
495 4796 524 4836 rn
535 4781 672 4839 omnibns.
685 4809 694 4836 ι
708 4785 784 4843 idern
802 4803 897 4846 sensus
912 4799 962 4860 est,
972 4806 1052 4864 quem
1108 4802 1179 4874 (52),
1195 4801 1285 4858 fidelis
1299 4801 1431 4858 inventus
1445 4808 1496 4869 est,
1515 4801 1631 4860 offerens
1646 4802 1732 4860 filiam
1757 4820 1833 4861 snam
1856 4820 1908 4862 se-

257 4881 331 4923 nunc
345 4875 443 4940 aperit,
459 4877 491 4926 ut
516 4870 671 4929 manifestet
691 4874 759 4948 quid
773 4877 809 4933 sit
828 4877 931 4935 Filium
945 4879 1052 4936 tradere
1105 4889 1228 4948 cundum
1241 4898 1338 4948 vorum
1363 4907 1445 4948 suum
1467 4891 1566 4966 (tuate.
1590 4877 1704 4966 x1,'39),
1724 4893 1798 4967 qnod
1820 4894 1907 4952 stulta

256 4974 369 5059 regnum
384 4961 442 5019 Deo
457 4970 484 5018 et
498 4962 572 5020 Patri
589 4983 594 5020 ε
612 4965 665 5022 hoc
676 4973 767 5022 autem
786 4967 864 5024 addit
878 4968 912 5024 ad
929 4985 1050 5038 sensum,
1105 4985 1218 5036 voverat
1234 4979 1314 5053 (thid.
1330 4979 1374 5048 31),
1389 4980 1447 5052 31),
1471 4998 1527 5038 000
1549 4998 1612 5056 ergo
1633 4982 1735 5040 iactum
1759 4983 1904 5056 probatur,

255 5065 319 5122 qma
331 5050 442 5108 tradens
455 5053 534 5109 Pater
549 5052 621 5110 Filio
634 5069 760 5127 regnum,
778 5071 834 5111 non
854 5072 883 5111 se
903 5056 1051 5129 subjecerit
1104 5069 1150 5124 sed
1178 5069 1382 5140 perseverantia
1409 5068 1474 5125 fidei
1503 5070 1532 5126 in
1559 5073 1718 5145 exenrplum
1746 5075 1902 5148 praefertur.

292 5243 349 5326 (111)
370 5243 472 5300 Omnes
499 5244 564 5302 edit.
581 5254 608 5328 01
624 5263 702 5316 mss,
718 5265 773 5304 nno
789 5259 914 5323 excepto,
926 5257 1049 5321 putantes
1102 5265 1126 5313 et
1139 5259 1290 5330 ineffabilis,
1306 5268 1358 5318 etc.

254 5317 421 5372 traditionem
436 5316 634 5388 1100000000...
652 5335 761 5374 coruom
775 5337 910 5378 rerrranere
919 5339 931 5388 ;
946 5322 1049 5393 optime
1139 5331 1197 5401 (51)
1213 5331 1306 5390 Codex
1321 5331 1413 5404 Corb.,
1430 5333 1546 5391 timentes
1560 5351 1591 5389 ne
1605 5341 1653 5392 aut
1671 5337 1744 5393 oratu
1767 5339 1902 5410 sufferret,

254 5404 320 5444 roro
333 5386 413 5446 Corb.
426 5393 457 5442 nt
470 5385 500 5442 in
513 5396 655 5444 contextu.

290 5458 347 5532 (te)
364 5459 442 5516 Rom.
461 5457 540 5528 edit,
556 5459 606 5517 Sed
618 5459 683 5530 quin
696 5460 889 5532 ipseDominua
900 5464 985 5520 nit...
1001 5482 1047 5536 op·

250 5537 328 5599 paret
341 5531 421 5602 qnod,
437 5537 560 5603 repuncta
568 5531 648 5600 Filio,
664 5541 716 5590 etc.

289 5600 347 5672 (50)
364 5602 466 5659 Eadem
479 5601 558 5672 edit,
573 5610 681 5678 propter
696 5605 834 5661 00100000
851 5608 1044 5679 crebritatem,

245 5675 305 5750 010.
320 5671 446 5731 Secundo
460 5682 550 5732 autem
566 5691 648 5733 versu
663 5676 729 5751 legit
739 5693 789 5734 ms.
801 5677 872 5736 Corb
886 5681 1045 5748 ,0011101100

1100 5407 1569 5557 αα13ξ101100.11001.,000001010
1592 5480 1682 5552 requie
1702 5487 1805 5554 accepto
1828 5481 1902 5552 [arri

1099 5553 1266 5690 3711111)ἕὲἃῦ
1292 5547 1393 5620 Corb.,
1415 5550 1537 5624 quamuis
1551 5550 1580 5607 10
1594 5551 1705 5626 reliquis
1719 5559 1824 5628 0000010
1839 5555 1904 5628 fiere
