4122 6192
279 305 314 364 47
787 302 834 358 AD
854 299 972 357 OPERA
990 297 1018 353 S.
1039 295 1206 354 AllllllOSll
1224 293 1415 351 APPENDIX.
1891 289 1927 346 ts

276 430 348 490 nihil
360 430 426 488 inde
441 430 535 504 colligi
549 436 650 503 potest,
669 426 724 484 uisi
743 426 802 484 bac
815 426 875 497 ipse
888 439 923 481 ex
941 422 997 480 alio
1020 421 1049 478 iu
1074 419 1150 478 aliud
1176 419 1338 492 transcripta
1366 433 1434 475 esse.
1459 417 1589 473 Attamen
1612 414 1700 488 magis
1721 413 1865 487 probabile
1883 425 1926 474 est

275 527 415 578 auctorem
432 519 620 588 madenam,
638 517 662 575 si
676 525 769 574 tamen
784 530 879 573 earum
891 520 987 570 auctor
999 529 1071 574 uuus
1083 525 1136 588 est,
1150 529 1214 572 cum
1228 514 1265 570 sit
1280 513 1309 570 in
1326 510 1468 569 tractando
1483 511 1572 568 multo
1589 509 1689 580 fusior,
1701 517 1731 566 et
1745 509 1926 568 Ambrosias—

275 608 313 664 tri
328 607 469 664 erroribus
483 607 576 679 plures
588 605 720 678 adjecerit
734 603 787 661 sibi
802 604 937 678 proprios,
954 605 1037 679 hujus
1052 623 1110 664 esse
1124 608 1344 679 compilatorem.

312 697 458 766 Ceterum,
473 713 537 753 cum
552 695 643 769 negari
660 700 776 768 nequeat
798 692 863 749 huic
884 695 959 766 operi
984 695 1134 753 utilitatem
1157 697 1246 753 inesse
1268 712 1356 764 suam,
1371 709 1489 768 cumque
1511 692 1545 750 ad
1567 691 1639 750 banc
1664 707 1752 766 usque
1774 692 1926 750 editionem

276 788 369 847 locum
385 787 457 845 inter
471 787 611 844 Ambrosii
625 783 871 844 commentationes
886 782 1050 856 obtinuerit,
1063 803 1172 844 necnon
1188 787 1303 844 citatum
1318 786 1378 859 ejus
1393 785 1504 842 nomine
1517 784 1619 857 passim
1634 792 1777 850 occurrat;
1806 782 1835 839 in
1855 783 1928 840 hanc

276 876 465 950 Appendioem
480 892 513 933 eo
529 874 670 931 lubentius
687 872 757 928 illud
771 870 945 941 admisimus,
961 889 1016 944 quo
1035 873 1127 946 plures
1147 891 1212 934 nrss.
1236 887 1314 934 erant
1336 877 1371 933 ad
1399 893 1523 944 manum,
1546 892 1664 950 quorum
1689 873 1815 933 subsidio
1837 875 1928 932 exiret

277 966 367 1023 multo
394 965 553 1022 correctius.
573 965 647 1020 luter
665 963 733 1018 alias
746 969 838 1016 autem
853 961 1059 1020 emendationes
1072 965 1274 1038 amplissimum
1290 965 1474 1038 fragmentum
1490 965 1519 1021 iu
1535 964 1589 1021 sine
1607 965 1797 1023 commentarii
1811 966 1930 1038 apamio

276 1055 372 1127 priate
382 1055 418 1112 od
432 1051 593 1118 Corinthios,
609 1059 637 1107 et
651 1049 680 1106 in
695 1050 835 1122 sequentis
846 1049 928 1107 initio
943 1053 1125 1122 restituimus,
1141 1055 1220 1129 cujus
1231 1054 1368 1128 jacturam
1383 1071 1399 1111 e
1413 1054 1515 1112 lacinia
1529 1054 1728 1113 Commentarii
1744 1054 1929 1114 Pseudo-ilie·

277 1161 339 1202 rou.
355 1149 503 1225 recurserat
515 1141 634 1214 scriptor
646 1140 793 1212 quispiam.

312 1231 527 1290 Admonendum
546 1227 630 1286 modo
644 1238 776 1302 superest,
795 1229 1018 1288 Commentariun
1031 1235 1062 1298 in
1074 1235 1225 1306 Epistulam
1238 1235 1274 1290 ad
1286 1234 1407 1290 Hebraeos
1422 1232 1529 1290 anobis
1543 1249 1600 1290 esse
1615 1233 1838 1306 praetermissum.
1854 1235 1929 1293 lllud

276 1322 448 1395 antiquiores
462 1337 528 1376 mss.
544 1335 600 1376 nou
620 1328 791 1392 agnoverunt
804 1335 894 1395 neque
909 1321 1110 1379 Amerbachius
1124 1337 1213 1395 neque
1227 1323 1367 1380 Erasmus.
1384 1321 1453 1380 Cum
1469 1338 1535 1377 vero
1549 1320 1583 1377 ab
1599 1319 1634 1378 iis
1652 1322 1699 1395 qui
1721 1329 1815 1394 postea
1832 1339 1930 1380 curam

276 1411 468 1470 Ambrosienae
482 1409 549 1468 edit.
565 1425 719 1482 suscepere,
735 1409 886 1468 admissum
901 1419 981 1482 essm,
997 1411 1065 1469 adeo
1084 1429 1139 1470 nen
1165 1411 1265 1469 fefellit
1287 1412 1363 1468 viros
1381 1410 1482 1484 judicii
1506 1409 1676 1478 eruditioris,
1701 1419 1732 1467 ut
1755 1426 1790 1467 ne
1816 1410 1930 1485 quidem

277 1500 401 1574 ejusdem
415 1499 547 1568 auctoris,
562 1498 608 1556 cui
622 1498 788 1556 tribuuntur
802 1499 952 1573 superiora,
968 1517 1026 1558 esse
1042 1499 1211 1567 crederetur,
1225 1499 1314 1556 multo
1328 1499 1414 1573 igitur
1428 1500 1521 1556 minus
1535 1497 1657 1556 doctoris
1670 1498 1769 1556 nostri.
1784 1499 1821 1556 Et
1834 1515 1931 1557 revera

277 1586 350 1646 nibil
365 1586 440 1645 aliud
455 1594 506 1656 cst,
522 1603 603 1661 quam
620 1602 716 1659 parum
729 1585 836 1659 digesta
849 1587 960 1644 Petrum
983 1589 1090 1663 aliquot
1112 1590 1283 1663 compilatio,
1307 1607 1367 1665 quas
1389 1607 1452 1648 cum
1474 1588 1593 1662 amplior
1615 1589 1688 1646 inter
1713 1605 1797 1663 opera
1824 1589 1929 1648 [labani

276 1678 365 1752 Mauri
380 1677 492 1750 vulgata
505 1675 601 1744 fuerit,
615 1674 710 1749 ibique
728 1675 901 1748 singulorum
924 1677 1140 1751 fragmentomm
1154 1687 1280 1738 auctores
1299 1695 1313 1736 e
1330 1680 1442 1754 regione
1457 1681 1545 1754 legere
1567 1677 1660 1750 liceat,
1677 1679 1751 1737 nibil
1767 1695 1826 1737 esse
1839 1695 1930 1738 causa

277 1767 359 1826 uobis
372 1768 465 1825 visum
481 1773 522 1824 est
536 1781 587 1823 cur
600 1780 633 1822 ea
646 1765 676 1822 iu
690 1764 840 1844 editionem
854 1775 977 1825 nostram
992 1767 1171 1844 reciperetur.

666 2039 1531 2228 COMMENTARIA
1998 2023 2003 2031 ’

385 2327 470 2478 ιιι
526 2325 656 2478 ιιι
715 2325 1176 2484 erraretis
1231 2325 1484 2476 anau
1544 2325 1828 2478 raum.

594 2709 663 2796 IN
707 2708 1091 2798 EPISTOLAM
1134 2711 1216 2796 AD
1262 2711 1616 2802 ROMANOS.

571 2995 763 3057 PROLOGUS.
1093 2999 1304 3074 Aspiritualem
1326 3002 1376 3061 Dei
1399 3003 1514 3078 gratiam
1542 3009 1712 3073 consecutos,
1739 3019 1772 3063 ac
1799 3019 1849 3078 per
1876 3004 1933 3062 hoc

324 3089 373 3150 25
387 3093 423 3151 Ut
437 3109 529 3150 rerum
542 3093 643 3151 notitia
657 3093 790 3152 habeatur
803 3095 921 3170 plenior,
944 3095 1082 3170 principia
1135 3090 1374 3150 confirmationem
1390 3094 1429 3151 eis
1443 3093 1545 3152 deesse.
1562 3094 1596 3150 Hi
1616 3100 1682 3150 sunt
1704 3093 1751 3167 qui
1777 3103 1805 3152 et
1825 3094 1938 3155 Galatas

283 3199 378 3241 earum
397 3181 561 3257 requirenda
582 3192 648 3240 sunt
674 3184 767 3256 prius;
796 3191 863 3242 tunc
890 3183 964 3242 enirn
993 3193 1083 3259 potest
1136 3181 1338 3250 subverterant,
1353 3192 1412 3239 uta
1433 3183 1582 3242 traditione
1607 3184 1794 3258 apostolorum
1818 3185 1939 3244 recede-

283 3271 582 3330 laciliuscausarratio
605 3272 749 3342 declarari,
768 3273 791 3329 si
810 3273 870 3345 ejus
895 3274 973 3347 origo
995 3274 1081 3331 disca·
1137 3277 1200 3326 rent
1215 3269 1257 3342 (3)
1276 3287 1281 3324 :
1305 3271 1406 3344 quibus
1430 3272 1492 3328 ideo
1521 3273 1650 3331 irascitur
1682 3273 1841 3346 Apostolus,
1867 3275 1937 3347 quia

282 3373 329 3421 tur
345 3363 386 3438 (l)
406 3380 412 3420 :
438 3379 501 3420 cum
516 3360 590 3419 enim
605 3362 727 3436 epistolae
743 3362 813 3419 datae
828 3362 940 3419 modum
956 3370 983 3420 et
999 3363 1081 3421 ratio·
1136 3356 1211 3415 docti
1227 3358 1307 3428 bene,
1324 3359 1404 3418 lacile
1418 3359 1572 3417 transducti
1587 3362 1706 3418 fuerant.
1726 3361 1856 3419 Romanis
1879 3380 1938 3420 au-

283 3471 346 3512 nem
362 3453 573 3522 ostenderimus,
596 3460 686 3526 potest
709 3468 805 3510 vemm
829 3453 930 3518 videri,
945 3453 1019 3528 quod
1033 3455 1082 3511 di·
1137 3455 1192 3504 tem
1209 3447 1289 3506 irasci
1306 3463 1362 3504 nun
1378 3447 1485 3518 debuit,
1504 3448 1551 3505 sed
1571 3456 1598 3505 et
1621 3449 1733 3506 laudare
1758 3451 1841 3508 fidem
1865 3449 1940 3507 illo-

283 3545 382 3601 cimus.
411 3543 526 3601 Constat
562 3541 656 3616 itaque
690 3542 861 3616 temporibus
895 3546 1081 3618 apostolurum
1137 3553 1198 3594 rum
1214 3553 1220 3591 ³
1238 3536 1313 3609 (luia,
1340 3537 1418 3594 ”⁰¹¹²
1444 3537 1941 3611 1115581152Villfllssffllldtssletrssffi

283 3630 403 3701 ludeos,
418 3640 561 3703 propterea
575 3631 648 3705 quod
660 3631 712 3689 sub
727 3649 811 3706 regno
826 3633 949 3690 llomauo
961 3641 1081 3708 agerent,
1137 3625 1256 3700 aliquem
1272 3626 1470 3699 apostolorum,
1483 3635 1660 3700 susceperant
1667 3627 1749 3684 fidem
1765 3627 1867 3686 Christi
1881 3629 1941 3686 ritu

284 3721 378 3778 Rome
405 3719 565 3778 habitasse:
594 3735 629 3777 ex
651 3721 752 3794 quibua
773 3720 803 3777 hi
826 3722 873 3797 qui
897 3722 1082 3793 crediderant,
1137 3713 1202 3772 licet
1216 3713 1340 3785 ludaico,
1355 3714 1384 3770 in
1399 3714 1597 3794 verbiqpotius
1611 3732 1693 3791 qaam
1707 3717 1736 3774 in
1752 3734 1853 3788 sensu;
1881 3734 1940 3777 non

284 3808 459 3867 tradiderunt
476 3809 607 3868 Romanis
630 3817 662 3867 ut
689 3809 829 3868 Christum
856 3812 1025 3885 profitentes,
1046 3813 1082 3870 la·
1137 3805 1212 3862 eninr
1236 3805 1393 3877 expositum
1417 3805 1475 3861 illis
1495 3805 1585 3863 luerat
1605 3806 1768 3880 mysterium
1785 3807 1826 3881 (t)
1846 3808 1942 3866 crucis

285 3917 345 3975 gem
360 3906 501 3958 servarent
517 3916 523 3954 :
539 3899 656 3958 llornani
672 3910 774 3971 autem,
791 3901 885 3958 audita
900 3902 973 3959 fama
988 3903 1083 3959 virtu-
1137 3895 1251 3953 Christi.
1280 3896 1427 3968 Propterea
1452 3895 1616 3970 quibusdem
1643 3896 1867 3968 advenientibus,
1890 3899 1942 3972 qui

284 3997 344 4048 tum
374 3988 490 4058 Christi,
518 3988 614 4047 faciles
640 3989 675 4048 ad
703 3991 871 4048 credendum
899 3991 1082 4064 lucrantia),
1137 3993 1210 4041 recte
1225 3984 1400 4041 crediderant
1411 3986 1506 4058 (5)‚de
1516 3986 1622 4044 edenda
1632 4003 1713 4044 carne
1726 3995 1753 4044 et
1767 4004 1823 4044 nou
1834 3987 1944 4046 edenda

284 4087 380 4154 utpote
411 4078 561 4153 prudentes
583 4096 589 4135 :
613 4079 825 4138 necimmerito
849 4080 1008 4154 prudentes,
1035 4081 1082 4154 qui
1138 4067 1941 4153 quastionesssebant;ctutmmnamspesquaeinChristo

284 4171 356 4228 male
371 4168 479 4228 inducti
492 4168 586 4227 statim
602 4169 719 4228 correcti
733 4179 810 4241 sunt,
825 4178 853 4228 et
873 4177 1083 4244 permanserunt
1138 4176 1188 4236 est¹
1205 4167 1353 4236 sufficeret,
1369 4176 1417 4225 aut
1431 4176 1457 4224 et
1472 4169 1517 4225 lex
1531 4168 1668 4226 servanda
1682 4176 1763 4228 esset.

285 4266 315 4322 in
329 4282 371 4323 ρο,
1174 4259 1297 4329 Quatuor
1321 4259 1406 4332 igitur
1428 4261 1518 4318 modis
1541 4261 1640 4320 scribit
1656 4263 1798 4334 llomanis,
1822 4281 1943 4338 arguam

321 4355 355 4410 Hi
371 4371 436 4428 ergo
450 4370 485 4412 ex
499 4355 612 4423 iudeis,
633 4363 664 4412 ut
687 4355 769 4414 datur
792 4355 921 4429 intelligi,
942 4353 1084 4413 credentes
1098 4363 1121 4426 Β
1138 4350 1172 4407 ab
1187 4350 1269 4408 initio
1284 4367 1369 4423 genus
1384 4351 1529 4409 hominum
1545 4352 1661 4426 physica
1676 4354 1800 4420 ratione;
1821 4355 1849 4413 lui
1864 4357 1942 4416 euim

285 4447 407 4515 Christo,
428 4461 484 4501 non
510 4447 681 4519 accipiebant
704 4451 793 4506 Deum
817 4464 875 4505 esse
889 4448 923 4504 de
938 4449 1005 4516 Deo,
1027 4463 1083 4519 pu·
1136 4451 1219 4516 caput
1241 4450 1307 4498 sunt
1338 4442 1464 4500 omnium
1492 4445 1626 4517 gentium,
1649 4453 1681 4501 ut
1707 4444 1736 4500 iu
1765 4444 1809 4503 his
1834 4448 1945 4507 discant

285 4546 375 4596 lantes
389 4537 438 4594 uui
452 4539 510 4594 Deo
522 4537 688 4606 adversum3
710 4541 886 4612 quamobrem
915 4547 995 4613 negat
1021 4539 1084 4597 illos
1137 4533 1229 4592 caetmi
1245 4531 1423 4606 universique
1438 4535 1553 4607 gentiles
1569 4533 1621 4606 (6).
1639 4531 1750 4592 Primus
1773 4536 1871 4595 modus
1886 4547 1944 4611 est,

323 4689 364 4761 (l)
380 4689 459 4746 Rom.
476 4689 555 4772 edit„
571 4688 680 4772 facilius
693 4695 819 4761 poterant
837 4693 943 4749 demunt
960 4693 1082 4766 intelligi,
1135 4696 1295 4768 plenaldeo
1309 4703 1386 4766 negat
1399 4697 1461 4752 illos
1475 4695 1642 4766 spiritualem
1651 4699 1767 4769 gratiam
1777 4707 1942 4762 consecutos.

286 4777 345 4816 cant
359 4777 451 4816 earam
469 4777 585 4832 origenes
610 4762 748 4817 discantur
766 4781 773 4819 :
791 4763 851 4820 alim
879 4781 945 4821 vero
972 4773 1000 4822 et
1018 4782 1083 4822 mss.
1139 4768 1346 4838 Hiaaatqaiet
1362 4767 1679 4839 Calatassnluerterant,
1701 4777 1768 4827 ala
1799 4771 1946 4832 traditione

286 4831 437 4889 satisiuter
451 4848 480 4889 se
493 4832 690 4914 consentiunt;
716 4833 770 4891 nisi
791 4836 865 4910 quod
887 4838 974 4905 Flen,
998 4837 1083 4894 Vind.
1140 4839 1262 4910 Apostoli
1276 4839 1420 4893 recedentes
1430 4838 1615 4908 judaizarent.

287 4910 315 4960 et
328 4902 496 4986 Carbssunas
509 4920 540 4960 ιιι
554 4904 820 4985 aerbommtordine,
833 4917 861 4965 et
874 4925 944 4982 saepe
958 4908 1040 4964 etiam
1057 4909 1086 4964 in
1178 4908 1219 4980 (bl
1236 4910 1322 4965 lidem
1338 4927 1402 4966 mss.
1418 4920 1445 4966 et
1460 4909 1538 4975 edit..
1554 4911 1668 4968 cidenas
1696 4914 1821 4985 insipiam,
1848 4933 1946 4973 raam·-

287 4981 463 5031 sententnsa
482 4984 589 5032 carens
603 4974 664 5033 cod.
681 4976 845 5052 discrepant,
862 4997 931 5052 quos
945 4989 1037 5036 tamen
1051 4979 1086 5036 ob
1139 4987 1237 5053 pararit
1250 4982 1327 5052 fidem
1345 4981 1455 5051 Christi,
1470 4983 1591 5054 quamvis
1618 4991 1742 5057 corrupta
1769 5003 1862 5054 renam
1889 5005 1947 5046 nen

288 5045 430 5128 scripturae
445 5046 638 5121 antiquitatem
654 5048 683 5103 iu
706 5047 760 5106 hoc
783 5052 897 5123 prologo
911 5051 1086 5124 potissimum
1142 5052 1211 5109 enim
1225 5053 1382 5122 audieraul;
1406 5055 1484 5111 Rom.
1504 5054 1584 5125 edit,
1603 5057 1682 5128 place
1699 5057 1843 5114 erudierant
1866 5076 1948 5132 mys-

288 5124 376 5174 seona
391 5133 496 5174 sumus.
1143 5123 1248 5194 teriam,
1263 5133 1315 5181 etc.

326 5188 367 5262 (ἲ)
383 5188 458 5246 Edit.
474 5189 541 5247 Gill.
556 5190 584 5274 ip
599 5207 685 5274 marg.
702 5197 730 5247 et
754 5191 835 5274 llum
864 5191 895 5248 in
915 5207 1003 5265 corp,
1023 5193 1088 5264 sae·
1180 5196 1221 5268 (5)
1237 5195 1321 5254 Citati
1337 5213 1402 5253 mss.
1419 5204 1446 5252 et
1460 5196 1539 5268 edit,
1563 5199 1595 5255 de
1617 5200 1710 5256 Indae
1735 5208 1765 5256 at
1785 5200 1874 5258 arbem
1891 5203 1947 5259 llo·

288 5260 436 5316 rantzau
461 5261 531 5342 uteie
558 5263 669 5334 inducta,
695 5269 786 5320 aarum
812 5281 838 5318 se
863 5272 1046 5333 consuerant,
1065 5272 1089 5320 et
1142 5285 1212 5322 mam
1225 5269 1432 5338 calvenientibas,
1450 5272 1517 5326 sicul
1532 5277 1557 5325 et
1571 5271 1697 5327 Priscilla
1720 5279 1744 5328 et
1769 5273 1949 5345 aquilaque·

288 5337 444 5389 macerant
468 5349 497 5387 aa
512 5341 659 5414 ,caumate
675 5335 827 5406 prudentes.
853 5337 889 5390 At
912 5334 992 5392 Rom.
1020 5335 1087 5392 edit.
1143 5345 1210 5394 recte
1224 5340 1352 5395 sentirent
1362 5358 1372 5406 ;
1386 5339 1453 5398 edit.
1470 5359 1533 5399 cum
1549 5342 1635 5409 Flor.,
1652 5343 1736 5401 Vind.
1754 5350 1781 5400 et
1796 5344 1873 5402 Colb.
1891 5347 1948 5403 soli

289 5403 345 5461 duo
358 5410 497 5548 sostratus
510 5419 598 5461 ancisa
611 5407 694 5462 etiam
714 5405 838 5463 invertit.
1144 5409 1277 5467 exhibent
1291 5412 1443 5485 sequentia,
1458 5421 1483 5469 et
1497 5419 1652 5470 adamnani
1664 5431 1721 5487 spes
1725 5458 1779 5472 .....
1795 5421 1819 5471 et
1832 5417 1875 5472 lea
1888 5433 1947 5474 sea·-

290 5475 431 5618 mddentes,
450 5553 474 5630 et
486 5546 604 5619 improbe
618 5554 755 5630 sententiar
765 5547 796 5603 de
812 5548 928 5630 Christo,
944 5551 1022 5630 tepea
1035 5567 1088 5606 aer·
1180 5553 1221 5626 (6)
1236 5553 1311 5612 Edit.
1336 5557 1428 5624 Rom,
1452 5557 1481 5613 li
1492 5557 1562 5613 enim
1576 5563 1656 5629 rapat
1670 5563 1733 5614 sant
1747 5559 1865 5615 omniane
1878 5575 1949 5630 qen-

290 5617 405 5675 eaadant
430 5617 559 5688 ductant,
578 5634 656 5690 quasa
679 5635 733 5675 non
761 5619 1089 5679 natantianatantia
1144 5623 1220 5696 tiara,
1234 5633 1264 5682 at
1290 5627 1321 5684 in
1347 5628 1388 5686 liis
1414 5629 1517 5687 ducant
1545 5630 1642 5700 catari,
1670 5646 1785 5703 arguant
1811 5631 1844 5688 ab
1866 5631 1948 5690 initio

384 5473 460 5532 Edit.
476 5491 508 5532 ac
520 5490 586 5531 mss.
603 5491 660 5533 nou
673 5477 765 5558 pauci,
780 5477 829 5534 lati
842 5477 926 5549 igitar
943 5495 975 5533 ea
988 5477 1089 5533 Indaeis
1143 5481 1232 5538 aenda
1244 5489 1316 5539 esset.
